@string{springer = {Springer}}

@article{gabbay:newaas-jv,
  author = {Murdoch J. Gabbay and Andrew M. Pitts},
  doi = {10.1007/s001650200016},
  file = {http://www.gabbay.org.uk/papers/newaas-jv.pdf},
  journaltitle = {Formal Aspects of Computing},
  month = {July},
  number = {3--5},
  pages = {341--363},
  title = {\href{http://www.gabbay.org.uk/papers.html\#newaas-jv}{A New Approach to Abstract Syntax with Variable Binding}},
  volume = {13},
  year = {2001}
}
@InProceedings{FiorePlotkinTuri99,
	author = {Marcelo Fiore and Gordon Plotkin and Daniele Turi},
	title = {Abstract Syntax and Variable Binding
		  (Extended Abstract)},
        Organization={IEEE},
        Publisher={Computer Society Press},
        Booktitle={Proc.\ 14$^{\rm th}$ LICS Conf.},
        pages = {193-202},
	year = {1999}
}
@article{abbott2005data,
  title={∂ for data: Differentiating data structures},
  author={Abbott, Michael and Altenkirch, Thorsten and McBride, Conor and Ghani, Neil},
  journal={Fundamenta Informaticae},
  volume={65},
  number={1-2},
  pages={1--28},
  year={2005},
  publisher={IOS Press}
}
@article{huet_1997,
  title={The Zipper},
  volume={7},
  number={5},
  journal={Journal of Functional Programming},
  publisher={Cambridge University Press},
  author={Huet, G{\'e}rard},
  year={1997},
  pages={549–554}
}
@article{mcbride_paterson_2008,
  title={Applicative programming with effects},
  volume={18},
  DOI={10.1017/S0956796807006326},
  number={1},
  journal={Journal of Functional Programming},
  publisher={Cambridge University Press},
  author={McBride, Conor and Paterson, Ross},
  year={2008},
  pages={1–13}
}
@inproceedings{Keep:2013:NFC:2500365.2500618,
 author = {Keep, Andrew W. and Dybvig, R. Kent},
 title = {A Nanopass Framework for Commercial Compiler Development},
 booktitle = {Proceedings of the 18th ACM SIGPLAN International Conference on Functional Programming},
 series = {ICFP '13},
 year = {2013},
 isbn = {978-1-4503-2326-0},
 location = {Boston, Massachusetts, USA},
 pages = {343--350},
 numpages = {8},
 url = {http://doi.acm.org/10.1145/2500365.2500618},
 doi = {10.1145/2500365.2500618},
 acmid = {2500618},
 publisher = {ACM},
 OPTaddress = {New York, NY, USA},
 keywords = {compiler, nanopass, scheme},
}
@article{Keep:2013:NFC:2544174.2500618,
 author = {Keep, Andrew W. and Dybvig, R. Kent},
 title = {A Nanopass Framework for Commercial Compiler Development},
 journal = {SIGPLAN Not.},
 issue_date = {September 2013},
 volume = {48},
 number = {9},
 month = sep,
 year = {2013},
 issn = {0362-1340},
 pages = {343--350},
 numpages = {8},
 url = {http://doi.acm.org/10.1145/2544174.2500618},
 doi = {10.1145/2544174.2500618},
 acmid = {2500618},
 publisher = {ACM},
 OPTaddress = {New York, NY, USA},
 keywords = {compiler, nanopass, scheme},
}
@article{benke-ugpp,
 author = {Benke, Marcin and Dybjer, Peter and Jansson, Patrik},
 title = {Universes for Generic Programs and Proofs in Dependent Type Theory},
 journal = {Nordic J. of Computing},
 issue_date = {December 2003},
 volume = {10},
 number = {4},
 month = dec,
 year = {2003},
 issn = {1236-6064},
 pages = {265--289},
 numpages = {25},
 url = {http://dl.acm.org/citation.cfm?id=985799.985801},
 acmid = {985801},
 publisher = {Publishing Association Nordic Journal of Computing},
 OPTaddress = {Finland},
 keywords = {algebraic specifications, dependent types, generic programming, inductive definitions, martin-L\"{o}f type theory, polytypic programming},
}
@InProceedings{polonowski:db,
author="Polonowski, Emmanuel",
editor="Blazy, Sandrine
and Paulin-Mohring, Christine
and Pichardie, David",
title="Automatically Generated Infrastructure for De Bruijn Syntaxes",
booktitle="Interactive Theorem Proving",
year="2013",
publisher=springer,
OPTaddress="Berlin, Heidelberg",
pages="402--417",
abstract="Dealing with variable binding during the formalization of programming languages metatheory is notorious for being a very complex issue. This paper introduces a new framework, DBEB, and a tool based on it, DBGen, whose purpose is to generate Coq code providing a rather complete infrastructure for de Bruijn encodings of a large variety of languages. DBEB is an abstract syntax with explicit binding informations that captures the great regularity of de Bruijn syntaxes. From this abstract syntax it is then possible to derive all the definitions and property statements and proofs required for the formalization of the syntactic infrastructure of the language.",
isbn="978-3-642-39634-2"
}
@inproceedings{Pickering:patsyn,
 author = {Pickering, Matthew and \'{E}rdi, Gerg\H{o} and Peyton Jones, Simon and Eisenberg, Richard A.},
 title = {Pattern Synonyms},
 booktitle = {Proceedings of the 9th International Symposium on Haskell},
 series = {Haskell 2016},
 year = {2016},
 isbn = {978-1-4503-4434-0},
 location = {Nara, Japan},
 pages = {80--91},
 numpages = {12},
 url = {http://doi.acm.org/10.1145/2976002.2976013},
 doi = {10.1145/2976002.2976013},
 acmid = {2976013},
 publisher = {ACM},
 OPTaddress = {New York, NY, USA},
 keywords = {Haskell, functional programming, pattern matching},
}
@InProceedings{gmeta,
author="Lee, Gyesik
and Oliveira, Bruno C. D. S.
and Cho, Sungkeun
and Yi, Kwangkeun",
editor="Seidl, Helmut",
title="GMeta: A Generic Formal Metatheory Framework for First-Order Representations",
booktitle="Programming Languages and Systems",
year="2012",
publisher=springer,
OPTaddress="Berlin, Heidelberg",
pages="436--455",
isbn="978-3-642-28869-2"
}
@Article{Chargueraud2012,
author="Chargu\'{e}raud, Arthur",
title="The Locally Nameless Representation",
journal="Journal of Automated Reasoning",
year="2012",
month="Oct",
day="01",
volume="49",
number="3",
pages="363--408",
issn="1573-0670",
doi="10.1007/s10817-011-9225-2",
url="https://doi.org/10.1007/s10817-011-9225-2"
}
@InProceedings{poplmark,
author="Aydemir, Brian E.
and Bohannon, Aaron
and Fairbairn, Matthew
and Foster, J. Nathan
and Pierce, Benjamin C.
and Sewell, Peter
and Vytiniotis, Dimitrios
and Washburn, Geoffrey
and Weirich, Stephanie
and Zdancewic, Steve",
editor="Hurd, Joe
and Melham, Tom",
title="Mechanized Metatheory for the Masses: The PoplMark Challenge",
booktitle="Theorem Proving in Higher Order Logics",
year="2005",
publisher=springer,
OPTaddress="Berlin, Heidelberg",
pages="50--65",
isbn="978-3-540-31820-0"
}
@InProceedings{morris-regulartt,
author="Morris, Peter
and Altenkirch, Thorsten
and McBride, Conor",
editor="Filli{\^a}tre, Jean-Christophe
and Paulin-Mohring, Christine
and Werner, Benjamin",
title="Exploring the Regular Tree Types",
booktitle="Types for Proofs and Programs",
year="2006",
publisher=springer,
OPTaddress="Berlin, Heidelberg",
pages="252--267",
isbn="978-3-540-31429-5",
}
@article{poplmarkreloaded,
  title={POPLMark Reloaded},
  author={Abel, Andreas and Momigliano, Alberto and Pientka, Brigitte},
  journal={Proceedings of the {L}ogical {F}rameworks and {M}eta-{L}anguages: {T}heory and {P}ractice Workshop},
  year={2017},
}
@article{mitchell1991kripke,
  title={Kripke-style models for typed lambda calculus},
  author={Mitchell, John C and Moggi, Eugenio},
  journal={Annals of Pure and Applied Logic},
  volume={51},
  number={1-2},
  pages={99--124},
  year={1991},
  publisher={Elsevier}
}
@article{swierstra_2008,
  title={Data types à la carte},
  volume={18},
  DOI={10.1017/S0956796808006758},
  number={4},
  journal={Journal of Functional Programming},
  publisher={Cambridge University Press},
  author={Swiestra, Wouter},
  year={2008},
  pages={423–436}
}
@article{pierce2000local,
  title={Local type inference},
  author={Pierce, Benjamin C and Turner, David N},
  journal={ACM Transactions on Programming Languages and Systems (TOPLAS)},
  volume={22},
  number={1},
  pages={1--44},
  year={2000},
  publisher={ACM}
}
@inproceedings{Chapman:2010:GAL:1863543.1863547,
 author = {Chapman, James and Dagand, Pierre-\'{E}variste and McBride, Conor and Morris, Peter},
 title = {The Gentle Art of Levitation},
 booktitle = {Proceedings of the 15th ACM SIGPLAN International Conference on Functional Programming},
 series = {ICFP '10},
 year = {2010},
 isbn = {978-1-60558-794-3},
 location = {Baltimore, Maryland, USA},
 pages = {3--14},
 numpages = {12},
 doi = {10.1145/1863543.1863547},
 acmid = {1863547},
 publisher = {ACM},
 OPTaddress = {New York, NY, USA},
 keywords = {data structure, metaprogramming, monads, proof assistants, type systems},
}
@article{Chapman:2010:GAL:1932681.1863547,
 author = {Chapman, James and Dagand, Pierre-\'{E}variste and McBride, Conor and Morris, Peter},
 title = {The Gentle Art of Levitation},
 journal = {SIGPLAN Not.},
 issue_date = {September 2010},
 volume = {45},
 number = {9},
 month = sep,
 year = {2010},
 issn = {0362-1340},
 pages = {3--14},
 numpages = {12},
 doi = {10.1145/1932681.1863547},
 acmid = {1863547},
 publisher = {ACM},
 OPTaddress = {New York, NY, USA},
 keywords = {data structure, metaprogramming, monads, proof assistants, type systems},
}
@Inbook{Hamana2009,
author="Hamana, Makoto",
editor="Curien, Pierre-Louis",
title="Initial Algebra Semantics for Cyclic Sharing Structures",
bookTitle="Typed Lambda Calculi and Applications: 9th International Conference, TLCA 2009, Brasilia, Brazil, July 1-3, 2009. Proceedings",
year="2009",
publisher=springer,
OPTaddress="Berlin, Heidelberg",
pages="127--141",
isbn="978-3-642-02273-9",
doi="10.1007/978-3-642-02273-9_11",
}
@inproceedings{ghani2006representing,
  title={Representing cyclic structures as nested datatypes},
  author={Ghani, Neil and Hamana, Makoto and Uustalu, Tarmo and Vene, Varmo},
  booktitle={Proc. of 7th Symp. on Trends in Functional Programming, TFP},
  volume={2006},
  year={2006}
}
@inproceedings{DBLP:journals/corr/abs-1012-4896,
  author    = {Andreas Abel},
  title     = {MiniAgda: Integrating Sized and Dependent Types},
  booktitle = {Proceedings Workshop on Partiality and Recursion in Interactive Theorem
               Provers, {PAR} 2010, Edinburgh, UK, 15th July 2010.},
  pages     = {14--28},
  year      = {2010},
  crossref  = {DBLP:journals/corr/abs-1012-4555},
  doi       = {10.4204/EPTCS.43.2},
  timestamp = {Mon, 28 Oct 2013 16:56:55 +0100},
  biburl    = {http://dblp.uni-trier.de/rec/bib/journals/corr/abs-1012-4896},
  bibsource = {dblp computer science bibliography, http://dblp.org}
}
@proceedings{DBLP:journals/corr/abs-1012-4555,
  editor    = {Ana Bove and
               Ekaterina Komendantskaya and
               Milad Niqui},
  title     = {Proceedings Workshop on Partiality and Recursion in Interactive Theorem
               Provers, {PAR} 2010, Edinburgh, UK, 15th July 2010},
  series    = {{EPTCS}},
  volume    = {43},
  year      = {2010},
  doi       = {10.4204/EPTCS.43},
  timestamp = {Mon, 28 Oct 2013 16:56:55 +0100},
  biburl    = {http://dblp.uni-trier.de/rec/bib/journals/corr/abs-1012-4555},
  bibsource = {dblp computer science bibliography, http://dblp.org}
}
@Inbook{Dybjer1999,
author="Dybjer, Peter
and Setzer, Anton",
editor="Girard, Jean-Yves",
title="A Finite Axiomatization of Inductive-Recursive Definitions",
bookTitle="Typed Lambda Calculi and Applications: 4th International Conference, TLCA'99 L'Aquila, Italy, April 7--9, 1999 Proceedings",
year="1999",
publisher=springer,
OPTaddress="Berlin, Heidelberg",
pages="129--146",
isbn="978-3-540-48959-7",
doi="10.1007/3-540-48959-2_11",
}
@Manual{Coq:manual,
  title =        {The Coq proof assistant reference manual},
  author =       {\mbox{The Coq Development Team}},
  organization = {$\pi r^2$ Team},
  note =         {Version 8.6},
  year =         {2017},
  url =          {http://coq.inria.fr}
}
@unpublished{atkey2015algebraic,
  title={An Algebraic Approach to Typechecking and Elaboration},
  author={Atkey, Robert},
  year="2015",
  url={http://bentnib.org/posts/2015-04-19-algebraic-approach-typechecking-and-elaboration.html},
}
@Inbook{Altenkirch2010,
author="Altenkirch, Thorsten
and Chapman, James
and Uustalu, Tarmo",
editor="Ong, Luke",
title="Monads Need Not Be Endofunctors",
bookTitle="Foundations of Software Science and Computational Structures: 13th International Conference, FOSSACS 2010, Held as Part of the Joint European Conferences on Theory and Practice of Software, ETAPS 2010, Paphos, Cyprus, March 20-28, 2010. Proceedings",
year="2010",
publisher=springer,
OPTaddress="Berlin, Heidelberg",
pages="297--311",
isbn="978-3-642-12032-9",
doi="10.1007/978-3-642-12032-9_21",
}
@inproceedings{allais2017type,
 author = {Allais, Guillaume and Chapman, James and McBride, Conor and McKinna, James},
 title = {Type-and-scope Safe Programs and Their Proofs},
 booktitle = {Proceedings of the 6th ACM SIGPLAN Conference on Certified Programs and Proofs},
 series = {CPP 2017},
 year = {2017},
 isbn = {978-1-4503-4705-1},
 location = {Paris, France},
 pages = {195--207},
 numpages = {13},
 doi = {10.1145/3018610.3018613},
 acmid = {3018613},
 publisher = {ACM},
 OPTaddress = {New York, NY, USA},
 keywords = {Agda, Generic Programming, Lambda-calculus, Mechanized Meta-Theory, Normalisation by Evaluation, Semantics},
}
@inproceedings{craig2018triangle,
 author = {McLaughlin, Craig and McKinna, James and Stark, Ian},
 title = {Triangulating Context Lemmas},
 booktitle = {Proceedings of the 7th ACM SIGPLAN Conference on Certified Programs and Proofs},
  series = {CPP 2018},
 year = {2018},
 isbn = {978-1-4503-5586-5},
 location = {Los Angeles, CA, USA},
 pages = {102--114},
 numpages = {13},
 url = {http://doi.acm.org/10.1145/3167081},
 doi = {10.1145/3167081},
 acmid = {3167081},
 publisher = {ACM},
 OPTaddress = {New York, NY, USA},
 keywords = {Agda, CIU theorem, Context lemma, Dependent types, Logical relations, Observational equivalence},
} 

@techreport{thibodeau2016case,
  title={A case-study in programming coinductive proofs: Howe’s method},
  author={Thibodeau, David and Momigliano, Alberto and Pientka, Brigitte},
  year={2016},
  institution={Technical report, McGill University}
}
@unpublished{mcbride2010ornamental,
  title={Ornamental algebras, algebraic ornaments},
  author={McBride, Conor},
  url={https://personal.cis.strath.ac.uk/conor.mcbride/pub/OAAO/Ornament.pdf},
  year={2017}
}
@inproceedings{hatcliff1994generic,
  title={A generic account of continuation-passing styles},
  author={Hatcliff, John and Danvy, Olivier},
  booktitle={Proceedings of the 21st ACM SIGPLAN-SIGACT symposium on Principles of programming languages},
  pages={458--471},
  year={1994},
  organization={ACM}
}
@inproceedings{abel2013copatterns,
  title={Copatterns: programming infinite structures by observations},
  author={Abel, Andreas and Pientka, Brigitte and Thibodeau, David and Setzer, Anton},
  booktitle={ACM SIGPLAN Notices},
  volume={48},
  number={1},
  pages={27--38},
  year={2013},
  organization={ACM}
}
@article{coquand1991algorithm,
  title={An algorithm for testing conversion in type theory},
  author={Coquand, Thierry},
  journal={Logical Frameworks},
  volume={1},
  pages={255--279},
  year={1991}
}
@article{martin1982constructive,
  title={Constructive mathematics and computer programming},
  author={Martin-L{\"o}f, Per},
  journal={Studies in Logic and the Foundations of Mathematics},
  volume={104},
  pages={153--175},
  year={1982},
  publisher={Elsevier}
}
@inproceedings{atkey2009syntax,
  title={Syntax for free: Representing syntax with binding using parametricity},
  author={Atkey, Robert},
  booktitle={TLCA},
  pages={35--49},
  year={2009},
  organization=springer
}
@article{carette2009finally,
  title={Finally tagless, partially evaluated},
  author={Carette, Jacques and Kiselyov, Oleg and Shan, Chung-chieh},
  journal={JFP},
  year={2009},
  publisher={Citeseer}
}
@article{abel2014normalization,
  title={Normalization by evaluation in the delay monad},
  author={Abel, Andreas and Chapman, James},
  journal={MSFP 2014},
  year={2014}
}
@incollection{hughes1995design,
  title={The design of a pretty-printing library},
  author={Hughes, John},
  booktitle={AFP Summer School},
  pages={53--96},
  year={1995},
  publisher=springer
}
@phdthesis{copello2017,
  title={On the Formalisation of the Metatheory of the Lambda Calculus and Languages with Binders},
  author={Copello, Ernesto},
  year={2017},
  issn={0797 6410},
  school={Universidad de la República (Uruguay)}
}
@phdthesis{chapman2009type,
  title={Type checking and normalisation},
  author={Chapman, James Maitland},
  year={2009},
  school={University of Nottingham (UK)}
}
@article{girard1972interpretation,
  title={Interpr{\'e}tation fonctionelle et {\'e}limination des coupures de l’arithm{\'e}tique d’ordre sup{\'e}rieur},
  author={Girard, Jean-Yves},
  year={1972},
  publisher={PhD thesis, Universit{\'e} Paris VII}
}
@article{wadler1990deforestation,
  title={Deforestation: Transforming programs to eliminate trees},
  author={Wadler, Philip},
  journal={TCS},
  volume={73},
  number={2},
  pages={231--248},
  year={1990},
  publisher={Elsevier}
}
@article{wadler2003prettier,
  title={A prettier printer},
  author={Wadler, Philip},
  journal={The Fun of Programming, Cornerstones of Computing},
  pages={223--243},
  year={2003},
  publisher={Citeseer}
}
@inproceedings{chlipala2008parametric,
  title={Parametric higher-order abstract syntax for mechanized semantics},
  author={Chlipala, Adam},
  booktitle={ACM Sigplan Notices},
  volume={43},
  number={9},
  pages={143--156},
  year={2008},
  organization={ACM}
}
@misc{jeffrey2011assoc,
  title={Associativity for free!},
  author={Jeffrey, Alan},
  howpublished={\url{http://thread.gmane.org/gmane.comp.lang.agda/3259}},
  year={2011},
  publisher={Agda Mailing List}
}
@article{goguen1997candidates,
  title={Candidates for substitution},
  author={Goguen, Healfdene and McKinna, James},
  journal={LFCS, Edinburgh Techreport},
  year={1997},
  publisher={UNIVERSITY OF EDINBURGH}
}
@article{gill2014domain,
  title={Domain-specific languages and code synthesis using {H}askell},
  author={Gill, Andy},
  journal={Queue},
  volume={12},
  number={4},
  pages={30},
  year={2014},
  publisher={ACM}
}
@incollection{svenningsson2013combining,
  title={Combining deep and shallow embedding for {EDSL}},
  author={Svenningsson, Josef and Axelsson, Emil},
  booktitle={TFP},
  pages={21--36},
  year={2013},
  publisher=springer
}
@article{hudak1996building,
  title={Building domain-specific embedded languages},
  author={Hudak, Paul},
  journal={ACM Computing Surveys (CSUR)},
  volume={28},
  number={4es},
  pages={196},
  year={1996},
  publisher={ACM}
}
@incollection{berger1993program,
  title={Program extraction from normalization proofs},
  author={Berger, Ulrich},
  booktitle={TLCA},
  pages={91--106},
  year={1993},
  publisher=springer
}
@article{CoqDybSK,
  title={Intuitionistic model constructions and normalization proofs},
  author={Coquand, Thierry and Dybjer, Peter},
  journal={MSCS},
  volume={7},
  number={01},
  pages={75--94},
  year={1997},
  publisher={Cambridge Univ. Press}
}
@article{lindley2014hasochism,
  title={Hasochism},
  author={Lindley, Sam and McBride, Conor},
  journal={SIGPLAN Notices},
  volume={48},
  number={12},
  pages={81--92},
  year={2014},
  publisher={ACM}
}
@article{mcbride2004view,
  title={The view from the left},
  author={McBride, Conor and McKinna, James},
  journal={JFP},
  volume={14},
  number={01},
  pages={69--111},
  year={2004},
  publisher={Cambridge Univ. Press}
}
@book{mitchell1996foundations,
  title={Foundations for programming languages},
  author={Mitchell, John C},
  volume={1},
  year={1996},
  publisher={MIT press}
}
@article{JFR4389,
	author = {Thorsten Altenkirch and James Chapman and Tarmo Uustalu},
	title = {Relative Monads Formalised},
	journal = {Journal of Formalized Reasoning},
	volume = {7},
	number = {1},
	year = {2014},
	keywords = {},
	abstract = {Relative monads are a generalisation of ordinary monads where the underlying functor need not be an endofunctor. In this paper, we describe a formalisation of the basic theory of relative monads in the interactive theorem prover and dependently typed programming language Agda. The formalisation comprises the requisite basic category theory, the central concepts of the theory of relative monads and adjunctions, which are compared to their ordinary counterparts, and two running examples from programming theory. },
	issn = {1972-5787},
	pages = {1--43},
}
@inproceedings{genericprogramming-dtp,
 author = {Altenkirch, Thorsten and McBride, Conor},
 title = {Generic Programming Within Dependently Typed Programming},
 booktitle = {Proceedings of the IFIP TC2/WG2.1 Working Conference on Generic Programming},
 year = {2003},
 isbn = {1-4020-7374-7},
 pages = {1--20},
 numpages = {20},
 url = {http://dl.acm.org/citation.cfm?id=647100.717294},
 acmid = {717294},
 publisher = {Kluwer, B.V.},
 OPTaddress = {Deventer, The Netherlands, The Netherlands},
}
@unpublished{gergodraft,
 title="Generic description of well-scoped, well-typed syntaxes",
 author="\'{E}rdi, Gergő",
 year="2018",
 url={https://github.com/gergoerdi/universe-of-syntax},
 note="Unpublished draft, privately communicated."
}
@inproceedings{de1972lambda,
  title={Lambda {C}alculus Notation with Nameless Dummies},
  author={de Bruijn, Nicolaas Govert},
  booktitle={Indagationes Mathematicae},
  volume={75},
  number={5},
  pages={381--392},
  year={1972},
  organization={Elsevier}
}
@inproceedings{altenkirch1995categorical,
  title={Categorical reconstruction of a reduction free normalization proof},
  author={Altenkirch, Thorsten and Hofmann, Martin and Streicher, Thomas},
  booktitle={LNCS},
  pages={182--199},
  year={1995},
  volume={530},
  organization=springer
}
@article{BachPoulsen,
 author = {Bach Poulsen, Casper and Rouvoet, Arjen and Tolmach, Andrew and Krebbers, Robbert and Visser, Eelco},
 title = {Intrinsically-typed Definitional Interpreters for Imperative Languages},
 journal = {Proc. ACM Program. Lang.},
 issue_date = {January 2018},
 volume = {2},
 number = {POPL},
 month = jan,
 year = {2018},
 issn = {2475-1421},
 pages = {16:1--16:34},
 articleno = {16},
 numpages = {34},
 url = {http://doi.acm.org/10.1145/3158104},
 doi = {10.1145/3158104},
 acmid = {3158104},
 publisher = {ACM},
 OPTaddress = {New York, NY, USA},
 keywords = {Agda, Java, definitional interpreters, dependent types, mechanized semantics, scope graphs, type safety},
}
@inproceedings{needleandknot,
 author = {Keuchel, Steven and Weirich, Stephanie and Schrijvers, Tom},
 title = {Needle \& Knot: Binder Boilerplate Tied Up},
 booktitle = {Proceedings of the 25th European Symposium on Programming Languages and Systems - Volume 9632},
 year = {2016},
 isbn = {978-3-662-49497-4},
 pages = {419--445},
 numpages = {27},
 url = {http://dx.doi.org/10.1007/978-3-662-49498-1_17},
 doi = {10.1007/978-3-662-49498-1_17},
 acmid = {2958897},
 publisher = {Springer-Verlag New York, Inc.},
 OPTaddress = {New York, NY, USA},
}
@inproceedings{Kaiser-wsdebr,
 author = {Kaiser, Jonas and Sch\"{a}fer, Steven and Stark, Kathrin},
 title = {Binder Aware Recursion over Well-scoped De Bruijn Syntax},
 booktitle = {Proceedings of the 7th ACM SIGPLAN International Conference on Certified Programs and Proofs},
 series = {CPP 2018},
 year = {2018},
 isbn = {978-1-4503-5586-5},
 location = {Los Angeles, CA, USA},
 pages = {293--306},
 numpages = {14},
 url = {http://doi.acm.org/10.1145/3167098},
 doi = {10.1145/3167098},
 acmid = {3167098},
 publisher = {ACM},
 OPTaddress = {New York, NY, USA},
 keywords = {System F, parallel substitutions, recursion principle, well-scoped de Bruijn representation},
}
@article{bird_paterson_1999,
   title={de {B}ruijn notation as a nested datatype},
   volume={9},
   number={1},
   journal={Journal of Functional Programming},
   publisher={Cambridge University Press},
   author={Bird, Richard S. and Paterson, Ross},
   year={1999},
   pages={77–91}
}
@article{BELLEGARDE1994287,
title = "Substitution: A formal methods case study using monads and transformations",
journal = "Science of Computer Programming",
volume = "23",
number = "2",
pages = "287 - 311",
year = "1994",
note = "",
issn = "0167-6423",
author = "Bellegarde, Françoise and Hook, James",
}
@article{dybjer1994inductive,
  title={Inductive families},
  author={Dybjer, Peter},
  journal={Formal aspects of computing},
  volume={6},
  number={4},
  pages={440--465},
  year={1994},
  publisher=springer
}
@inproceedings{altenkirch1999monadic,
  title={Monadic presentations of lambda terms using generalized inductive types},
  author={Altenkirch, Thorsten and Reus, Bernhard},
  booktitle={CSL},
  pages={453--468},
  year={1999},
  organization=springer
}
@article{dybjer1991inductive,
  title={Inductive sets and families in {M}artin-{ L}{\"o}f’s type theory and their set-theoretic semantics},
  author={Dybjer, Peter},
  journal={Logical Frameworks},
  volume={2},
  pages={6},
  year={1991}
}
@article{eisenberg2013dependently,
  title={Dependently typed programming with singletons},
  author={Eisenberg, Richard A and Weirich, Stephanie},
  journal={SIGPLAN Notices},
  volume={47},
  number={12},
  pages={117--130},
  year={2013},
  publisher={ACM}
}
@incollection{norell2009dependently,
  title={Dependently typed programming in {A}gda},
  author={Norell, Ulf},
  booktitle={AFP Summer School},
  pages={230--266},
  year={2009},
  publisher=springer
}
@inproceedings{DBLP:conf/cade/MouraKADR15,
  author    = {Leonardo Mendon{\c{c}}a de Moura and
               Soonho Kong and
               Jeremy Avigad and
               Floris van Doorn and
               Jakob von Raumer},
  title     = {The Lean Theorem Prover (System Description)},
  booktitle = {Automated Deduction - {CADE-25} - 25th International Conference on
               Automated Deduction, Berlin, Germany, August 1-7, 2015, Proceedings},
  pages     = {378--388},
  year      = {2015},
  crossref  = {DBLP:conf/cade/2015},
  url       = {https://doi.org/10.1007/978-3-319-21401-6_26},
  doi       = {10.1007/978-3-319-21401-6_26},
  timestamp = {Sun, 21 May 2017 00:17:17 +0200},
  biburl    = {https://dblp.org/rec/bib/conf/cade/MouraKADR15},
  bibsource = {dblp computer science bibliography, https://dblp.org}
}
@proceedings{DBLP:conf/cade/2015,
  editor    = {Amy P. Felty and
               Aart Middeldorp},
  title     = {Automated Deduction - {CADE-25} - 25th International Conference on
               Automated Deduction, Berlin, Germany, August 1-7, 2015, Proceedings},
  series    = {Lecture Notes in Computer Science},
  volume    = {9195},
  publisher = springer,
  year      = {2015},
  url       = {https://doi.org/10.1007/978-3-319-21401-6},
  doi       = {10.1007/978-3-319-21401-6},
  isbn      = {978-3-319-21400-9},
  timestamp = {Sun, 21 May 2017 00:17:17 +0200},
  biburl    = {https://dblp.org/rec/bib/conf/cade/2015},
  bibsource = {dblp computer science bibliography, https://dblp.org}
}
@article{brady2013idris,
  title={Idris, a general-purpose dependently typed programming language: Design and implementation},
  author={Brady, Edwin},
  journal={Journal of Functional Programming},
  volume={23},
  number={5},
  pages={552--593},
  year={2013},
  publisher={Cambridge University Press}
}
@unpublished{danvytagless,
  title={Tagless and Typeful Normalization by Evaluation using Generalized Algebraic Data Types},
  author={Danvy, Olivier and Keller, Chantal and Puech, Matthias},
  year={2013}
}
@article{reynolds1983types,
  title={Types, abstraction and parametric polymorphism},
  author={Reynolds, John C},
  year={1983}
}
@article{bernardy2013type,
  title={Type-theory in color},
  author={Bernardy, Jean-Philippe and Moulin, Guilhem},
  journal={SIGPLAN Notices},
  volume={48},
  number={9},
  pages={61--72},
  year={2013},
  publisher={ACM}
}
@article{wiedijk2012pollack,
  title={Pollack-inconsistency},
  author={Wiedijk, Freek},
  journal={ENTCS},
  volume={285},
  pages={85--100},
  year={2012},
  publisher={Elsevier}
}
@incollection{danvy1999type,
  title={Type-directed partial evaluation},
  author={Danvy, Olivier},
  booktitle={Partial Evaluation},
  pages={367--411},
  year={1999},
  publisher=springer
}
@inproceedings{berger1991inverse,
  title={An inverse of the evaluation functional for typed $\lambda$-calculus},
  author={Berger, Ulrich and Schwichtenberg, Helmut},
  booktitle={LICS},
  pages={203--211},
  year={1991},
  organization={IEEE}
}
@article{coquand2002formalised,
  title={A formalised proof of the soundness and completeness of a simply typed lambda-calculus with explicit substitutions},
  author={Coquand, Catarina},
  journal={Higher-Order and Symbolic Computation},
  volume={15},
  number={1},
  pages={57--90},
  year={2002},
  publisher=springer
}
@article{benton2012strongly,
  title={Strongly typed term representations in {C}oq},
  author={Benton, Nick and Hur, Chung-Kil and Kennedy, Andrew J and McBride, Conor},
  journal={JAR},
  volume={49},
  number={2},
  pages={141--159},
  year={2012},
  publisher=springer
}
@article{mcbride2005type,
  title={Type-preserving renaming and substitution},
  author={McBride, Conor},
  year={2005},
  publisher={Citeseer}
}
@incollection{garillot2009packaging,
  title={Packaging mathematical structures},
  author={Garillot, Fran{\c{c}}ois and Gonthier, Georges and Mahboubi, Assia and Rideau, Laurence},
  booktitle={TPHOLs},
  pages={327--342},
  year={2009},
  publisher=springer
}
@incollection{danielsson2011parsing,
  title={Parsing mixfix operators},
  author={Danielsson, Nils Anders and Norell, Ulf},
  booktitle={IFL},
  pages={80--99},
  year={2011},
  publisher=springer
}
@article{moggi1991notions,
  title={Notions of computation and monads},
  author={Moggi, Eugenio},
  journal={Information and Computation},
  volume={93},
  number={1},
  pages={55--92},
  year={1991},
  publisher={Elsevier}
}

@misc{repo,
  author = {Guillaume Allais and James Chapman and Conor McBride and James McKinna},
  title = {Type-and-Scope Safe Programs and Their Proofs -- Agda Formalization},
  doi = {10.15129},
  note = {Also from github \url{https://github.com/gallais/type-scope-semantics}}}
