@string{springer = {Springer}}
@inproceedings{DBLP:conf/popl/Wadler87,
  author    = {Philip Wadler},
  title     = {Views: {A} Way for Pattern Matching to Cohabit with Data Abstraction},
  booktitle = {Conference Record of the Fourteenth Annual {ACM} Symposium on Principles
               of Programming Languages, Munich, Germany, January 21-23, 1987},
  pages     = {307--313},
  year      = {1987},
  crossref  = {DBLP:conf/popl/1987},
  url       = {https://doi.org/10.1145/41625.41653},
  doi       = {10.1145/41625.41653},
  timestamp = {Tue, 06 Nov 2018 11:07:43 +0100},
  biburl    = {https://dblp.org/rec/bib/conf/popl/Wadler87},
  bibsource = {dblp computer science bibliography, https://dblp.org}
}
@proceedings{DBLP:conf/popl/1987,
  title     = {Conference Record of the Fourteenth Annual {ACM} Symposium on Principles
               of Programming Languages, Munich, Germany, January 21-23, 1987},
  publisher = {{ACM} Press},
  year      = {1987},
  url       = {http://dl.acm.org/citation.cfm?id=41625},
  isbn      = {0-89791-215-2},
  timestamp = {Mon, 21 May 2012 16:19:49 +0200},
  biburl    = {https://dblp.org/rec/bib/conf/popl/1987},
  bibsource = {dblp computer science bibliography, https://dblp.org}
}
@article{gabbay:newaas-jv,
  author    = {Murdoch Gabbay and
               Andrew M. Pitts},
  title     = {A New Approach to Abstract Syntax with Variable Binding},
  journal   = {Formal Asp. Comput.},
  volume    = {13},
  number    = {3-5},
  pages     = {341--363},
  year      = {2002},
  url       = {https://doi.org/10.1007/s001650200016},
  doi       = {10.1007/s001650200016},
  timestamp = {Tue, 06 Jun 2017 22:21:37 +0200},
  biburl    = {https://dblp.org/rec/bib/journals/fac/GabbayP02},
  bibsource = {dblp computer science bibliography, https://dblp.org}
}
@Inproceedings{FiorePlotkinTuri99,
  author    = {Marcelo P. Fiore and
               Gordon D. Plotkin and
               Daniele Turi},
  title     = {Abstract Syntax and Variable Binding},
  booktitle = {14th Annual {IEEE} Symposium on Logic in Computer Science, Trento,
               Italy, July 2-5, 1999},
  pages     = {193--202},
  year      = {1999},
  crossref  = {DBLP:conf/lics/1999},
  url       = {https://doi.org/10.1109/LICS.1999.782615},
  doi       = {10.1109/LICS.1999.782615},
  timestamp = {Thu, 25 May 2017 00:42:41 +0200},
  biburl    = {https://dblp.org/rec/bib/conf/lics/FiorePT99},
  bibsource = {dblp computer science bibliography, https://dblp.org}
}
@proceedings{DBLP:conf/lics/1999,
  title     = {14th Annual {IEEE} Symposium on Logic in Computer Science, Trento,
               Italy, July 2-5, 1999},
  publisher = {{IEEE} Computer Society},
  year      = {1999},
  url       = {http://ieeexplore.ieee.org/xpl/mostRecentIssue.jsp?punumber=6352},
  isbn      = {0-7695-0158-3},
  timestamp = {Fri, 21 Nov 2014 14:08:57 +0100},
  biburl    = {https://dblp.org/rec/bib/conf/lics/1999},
  bibsource = {dblp computer science bibliography, https://dblp.org}
}
@article{huet_1997,
  title={The Zipper},
  volume={7},
  number={5},
  journal={Journal of Functional Programming},
  publisher={Cambridge University Press},
  author={Huet, G{\'e}rard},
  year={1997},
  pages={549–554}
}
@article{mcbride_paterson_2008,
  title={Applicative programming with effects},
  volume={18},
  DOI={10.1017/S0956796807006326},
  number={1},
  journal={Journal of Functional Programming},
  publisher={Cambridge University Press},
  author={McBride, Conor and Paterson, Ross},
  year={2008},
  pages={1–13}
}
@inproceedings{Keep:2013:NFC:2500365.2500618,
 author = {Keep, Andrew W. and Dybvig, R. Kent},
 title = {A Nanopass Framework for Commercial Compiler Development},
 booktitle = {Proceedings of the 18th ACM SIGPLAN International Conference on Functional Programming},
 series = {ICFP '13},
 year = {2013},
 isbn = {978-1-4503-2326-0},
 location = {Boston, Massachusetts, USA},
 pages = {343--350},
 numpages = {8},
 url = {http://doi.acm.org/10.1145/2500365.2500618},
 doi = {10.1145/2500365.2500618},
 acmid = {2500618},
 publisher = {ACM},
 OPTaddress = {New York, NY, USA},
 keywords = {compiler, nanopass, scheme},
}
@article{Keep:2013:NFC:2544174.2500618,
 author = {Keep, Andrew W. and Dybvig, R. Kent},
 title = {A Nanopass Framework for Commercial Compiler Development},
 journal = {SIGPLAN Not.},
 issue_date = {September 2013},
 volume = {48},
 number = {9},
 month = sep,
 year = {2013},
 issn = {0362-1340},
 pages = {343--350},
 numpages = {8},
 url = {http://doi.acm.org/10.1145/2544174.2500618},
 doi = {10.1145/2544174.2500618},
 acmid = {2500618},
 publisher = {ACM},
 OPTaddress = {New York, NY, USA},
 keywords = {compiler, nanopass, scheme},
}
@article{benke-ugpp,
 author = {Benke, Marcin and Dybjer, Peter and Jansson, Patrik},
 title = {Universes for Generic Programs and Proofs in Dependent Type Theory},
 journal = {Nordic J. of Computing},
 issue_date = {December 2003},
 volume = {10},
 number = {4},
 month = dec,
 year = {2003},
 issn = {1236-6064},
 pages = {265--289},
 numpages = {25},
 url = {http://dl.acm.org/citation.cfm?id=985799.985801},
 acmid = {985801},
 publisher = {Publishing Association Nordic Journal of Computing},
 OPTaddress = {Finland},
 keywords = {algebraic specifications, dependent types, generic programming, inductive definitions, martin-L\"{o}f type theory, polytypic programming},
}
@InProceedings{polonowski:db,
author="Polonowski, Emmanuel",
editor="Blazy, Sandrine
and Paulin-Mohring, Christine
and Pichardie, David",
title="Automatically Generated Infrastructure for De Bruijn Syntaxes",
booktitle="Interactive Theorem Proving",
year="2013",
publisher=springer,
OPTaddress="Berlin, Heidelberg",
pages="402--417",
abstract="Dealing with variable binding during the formalization of programming languages metatheory is notorious for being a very complex issue. This paper introduces a new framework, DBEB, and a tool based on it, DBGen, whose purpose is to generate Coq code providing a rather complete infrastructure for de Bruijn encodings of a large variety of languages. DBEB is an abstract syntax with explicit binding informations that captures the great regularity of de Bruijn syntaxes. From this abstract syntax it is then possible to derive all the definitions and property statements and proofs required for the formalization of the syntactic infrastructure of the language.",
isbn="978-3-642-39634-2"
}
@inproceedings{Pickering:patsyn,
 author = {Pickering, Matthew and \'{E}rdi, Gerg\H{o} and Peyton Jones, Simon and Eisenberg, Richard A.},
 title = {Pattern Synonyms},
 booktitle = {Proceedings of the 9th International Symposium on Haskell},
 series = {Haskell 2016},
 year = {2016},
 isbn = {978-1-4503-4434-0},
 location = {Nara, Japan},
 pages = {80--91},
 numpages = {12},
 url = {http://doi.acm.org/10.1145/2976002.2976013},
 doi = {10.1145/2976002.2976013},
 acmid = {2976013},
 publisher = {ACM},
 OPTaddress = {New York, NY, USA},
 keywords = {Haskell, functional programming, pattern matching},
}
@InProceedings{gmeta,
author="Lee, Gyesik
and Oliveira, Bruno C. D. S.
and Cho, Sungkeun
and Yi, Kwangkeun",
editor="Seidl, Helmut",
title="GMeta: A Generic Formal Metatheory Framework for First-Order Representations",
booktitle="Programming Languages and Systems",
year="2012",
publisher=springer,
OPTaddress="Berlin, Heidelberg",
pages="436--455",
isbn="978-3-642-28869-2"
}
@Article{Chargueraud2012,
author="Chargu\'{e}raud, Arthur",
title="The Locally Nameless Representation",
journal="Journal of Automated Reasoning",
year="2012",
month="Oct",
day="01",
volume="49",
number="3",
pages="363--408",
issn="1573-0670",
doi="10.1007/s10817-011-9225-2",
url="https://doi.org/10.1007/s10817-011-9225-2"
}
@InProceedings{poplmark,
author="Aydemir, Brian E.
and Bohannon, Aaron
and Fairbairn, Matthew
and Foster, J. Nathan
and Pierce, Benjamin C.
and Sewell, Peter
and Vytiniotis, Dimitrios
and Washburn, Geoffrey
and Weirich, Stephanie
and Zdancewic, Steve",
editor="Hurd, Joe
and Melham, Tom",
title="Mechanized Metatheory for the Masses: The PoplMark Challenge",
booktitle="Theorem Proving in Higher Order Logics",
year="2005",
publisher=springer,
OPTaddress="Berlin, Heidelberg",
pages="50--65",
isbn="978-3-540-31820-0"
}
@InProceedings{morris-regulartt,
author="Morris, Peter
and Altenkirch, Thorsten
and McBride, Conor",
editor="Filli{\^a}tre, Jean-Christophe
and Paulin-Mohring, Christine
and Werner, Benjamin",
title="Exploring the Regular Tree Types",
booktitle="Types for Proofs and Programs",
year="2006",
publisher=springer,
OPTaddress="Berlin, Heidelberg",
pages="252--267",
isbn="978-3-540-31429-5",
}
@article{poplmarkreloaded,
  title={POPLMark Reloaded},
  author={Abel, Andreas and Momigliano, Alberto and Pientka, Brigitte},
  journal={Proceedings of the {L}ogical {F}rameworks and {M}eta-{L}anguages: {T}heory and {P}ractice Workshop},
  year={2017},
}
@article{mitchell1991kripke,
  title={Kripke-style models for typed lambda calculus},
  author={Mitchell, John C and Moggi, Eugenio},
  journal={Annals of Pure and Applied Logic},
  volume={51},
  number={1-2},
  pages={99--124},
  year={1991},
  publisher={Elsevier}
}
@article{swierstra_2008,
  title={Data types à la carte},
  volume={18},
  DOI={10.1017/S0956796808006758},
  number={4},
  journal={Journal of Functional Programming},
  publisher={Cambridge University Press},
  author={Swiestra, Wouter},
  year={2008},
  pages={423–436}
}
@article{pierce2000local,
  title={Local type inference},
  author={Pierce, Benjamin C and Turner, David N},
  journal={ACM Transactions on Programming Languages and Systems (TOPLAS)},
  volume={22},
  number={1},
  pages={1--44},
  year={2000},
  publisher={ACM}
}
@inproceedings{Chapman:2010:GAL:1863543.1863547,
 author = {Chapman, James and Dagand, Pierre-\'{E}variste and McBride, Conor and Morris, Peter},
 title = {The Gentle Art of Levitation},
 booktitle = {Proceedings of the 15th ACM SIGPLAN International Conference on Functional Programming},
 series = {ICFP '10},
 year = {2010},
 isbn = {978-1-60558-794-3},
 location = {Baltimore, Maryland, USA},
 pages = {3--14},
 numpages = {12},
 doi = {10.1145/1863543.1863547},
 acmid = {1863547},
 publisher = {ACM},
 OPTaddress = {New York, NY, USA},
 keywords = {data structure, metaprogramming, monads, proof assistants, type systems},
}
@article{Chapman:2010:GAL:1932681.1863547,
 author = {Chapman, James and Dagand, Pierre-\'{E}variste and McBride, Conor and Morris, Peter},
 title = {The Gentle Art of Levitation},
 journal = {SIGPLAN Not.},
 issue_date = {September 2010},
 volume = {45},
 number = {9},
 month = sep,
 year = {2010},
 issn = {0362-1340},
 pages = {3--14},
 numpages = {12},
 doi = {10.1145/1932681.1863547},
 acmid = {1863547},
 publisher = {ACM},
 OPTaddress = {New York, NY, USA},
 keywords = {data structure, metaprogramming, monads, proof assistants, type systems},
}
@inproceedings{Hamana2009,
  author    = {Makoto Hamana},
  title     = {Initial Algebra Semantics for Cyclic Sharing Structures},
  booktitle = {Typed Lambda Calculi and Applications, 9th International Conference,
               {TLCA} 2009, Brasilia, Brazil, July 1-3, 2009. Proceedings},
  pages     = {127--141},
  year      = {2009},
  crossref  = {DBLP:conf/tlca/2009},
  url       = {https://doi.org/10.1007/978-3-642-02273-9\_11},
  doi       = {10.1007/978-3-642-02273-9\_11},
  timestamp = {Wed, 17 May 2017 14:24:41 +0200},
  biburl    = {https://dblp.org/rec/bib/conf/tlca/Hamana09},
  bibsource = {dblp computer science bibliography, https://dblp.org}
}
@proceedings{DBLP:conf/tlca/2009,
  editor    = {Pierre{-}Louis Curien},
  title     = {Typed Lambda Calculi and Applications, 9th International Conference,
               {TLCA} 2009, Brasilia, Brazil, July 1-3, 2009. Proceedings},
  series    = {Lecture Notes in Computer Science},
  volume    = {5608},
  publisher = {Springer},
  year      = {2009},
  url       = {https://doi.org/10.1007/978-3-642-02273-9},
  doi       = {10.1007/978-3-642-02273-9},
  isbn      = {978-3-642-02272-2},
  timestamp = {Wed, 17 May 2017 14:24:41 +0200},
  biburl    = {https://dblp.org/rec/bib/conf/tlca/2009},
  bibsource = {dblp computer science bibliography, https://dblp.org}
}

@InProceedings{ghani2006representing,
  author = 	 {Neil Ghani, Makoto Hamana, Tarmo Uustalu and Varmo Vene},
  title = 	 {Representing cyclic structures as nested datatypes},
  year = 	 {2006},
  booktitle = {Proceedings of 7th Trends in Functional Programming, 2006},
  pages = {173-188},
  publisher = {Intellect}
}
@book{Stump:2016:VFP:2841316,
 author = {Stump, Aaron},
 title = {Verified Functional Programming in {A}gda},
 year = {2016},
 isbn = {978-1-97000-127-3},
 publisher = {Association for Computing Machinery and Morgan \& Claypool},
 address = {New York, NY, USA},
}
@inproceedings{DBLP:conf/icfp/Danielsson10,
  author    = {Nils Anders Danielsson},
  title     = {Total parser combinators},
  booktitle = {Proceeding of the 15th {ACM} {SIGPLAN} international conference on
               Functional programming, {ICFP} 2010, Baltimore, Maryland, USA, September
               27-29, 2010},
  pages     = {285--296},
  year      = {2010},
  crossref  = {DBLP:conf/icfp/2010},
  url       = {https://doi.org/10.1145/1863543.1863585},
  doi       = {10.1145/1863543.1863585},
  timestamp = {Tue, 06 Nov 2018 16:59:25 +0100},
  biburl    = {https://dblp.org/rec/bib/conf/icfp/Danielsson10},
  bibsource = {dblp computer science bibliography, https://dblp.org}
}
@proceedings{DBLP:conf/icfp/2010,
  editor    = {Paul Hudak and
               Stephanie Weirich},
  title     = {Proceeding of the 15th {ACM} {SIGPLAN} international conference on
               Functional programming, {ICFP} 2010, Baltimore, Maryland, USA, September
               27-29, 2010},
  publisher = {{ACM}},
  year      = {2010},
  isbn      = {978-1-60558-794-3},
  timestamp = {Fri, 08 Oct 2010 07:46:10 +0200},
  biburl    = {https://dblp.org/rec/bib/conf/icfp/2010},
  bibsource = {dblp computer science bibliography, https://dblp.org}
}
@inproceedings{allais2018agdarsec,
  title     = {agdarsec -- {T}otal Parser Combinators},
  author    = {Allais, Guillaume},
  booktitle = {JFLA 2018 Journ{\'e}es Francophones des Langages Applicatifs},
  crossref  = {boldo:hal-01707376},
  pages     = {45-59},
  location  = {Banyuls-sur-Mer, France},
  year      = {2018}
}
@proceedings{boldo:hal-01707376,
  TITLE = {{Journ{\'e}es Francophones des Langages Applicatifs 2018}},
  AUTHOR = {Boldo, Sylvie and Magaud, Nicolas},
  URL = {https://hal.inria.fr/hal-01707376},
  BOOKTITLE = {{Journ{\'e}es Francophones des Langages Applicatifs 2018}},
  ADDRESS = {Banyuls-sur-Mer, France},
  EDITOR = {Sylvie Boldo and Nicolas Magaud},
  PUBLISHER = {{publi{\'e} par les auteurs}},
  YEAR = {2018},
  MONTH = Jan,
  PDF = {https://hal.inria.fr/hal-01707376/file/jfla2018.pdf},
  HAL_ID = {hal-01707376},
  HAL_VERSION = {v1},
}
@inproceedings{DBLP:journals/corr/abs-1012-4896,
  author    = {Andreas Abel},
  title     = {MiniAgda: Integrating Sized and Dependent Types},
  booktitle = {Proceedings Workshop on Partiality and Recursion in Interactive Theorem
               Provers, {PAR} 2010, Edinburgh, UK, 15th July 2010.},
  pages     = {14--28},
  year      = {2010},
  crossref  = {DBLP:journals/corr/abs-1012-4555},
  doi       = {10.4204/EPTCS.43.2},
  timestamp = {Mon, 28 Oct 2013 16:56:55 +0100},
  biburl    = {http://dblp.uni-trier.de/rec/bib/journals/corr/abs-1012-4896},
  bibsource = {dblp computer science bibliography, http://dblp.org}
}
@proceedings{DBLP:journals/corr/abs-1012-4555,
  editor    = {Ana Bove and
               Ekaterina Komendantskaya and
               Milad Niqui},
  title     = {Proceedings Workshop on Partiality and Recursion in Interactive Theorem
               Provers, {PAR} 2010, Edinburgh, UK, 15th July 2010},
  series    = {{EPTCS}},
  volume    = {43},
  year      = {2010},
  doi       = {10.4204/EPTCS.43},
  timestamp = {Mon, 28 Oct 2013 16:56:55 +0100},
  biburl    = {http://dblp.uni-trier.de/rec/bib/journals/corr/abs-1012-4555},
  bibsource = {dblp computer science bibliography, http://dblp.org}
}
@inproceedings{Dybjer1999,
  author    = {Peter Dybjer and
               Anton Setzer},
  title     = {A Finite Axiomatization of Inductive-Recursive Definitions},
  booktitle = {Typed Lambda Calculi and Applications, 4th International Conference,
               TLCA'99, L'Aquila, Italy, April 7-9, 1999, Proceedings},
  pages     = {129--146},
  year      = {1999},
  crossref  = {DBLP:conf/tlca/1999},
  url       = {https://doi.org/10.1007/3-540-48959-2\_11},
  doi       = {10.1007/3-540-48959-2\_11},
  timestamp = {Sat, 30 Dec 2017 13:59:02 +0100},
  biburl    = {https://dblp.org/rec/bib/conf/tlca/DybjerS99},
  bibsource = {dblp computer science bibliography, https://dblp.org}
}
@proceedings{DBLP:conf/tlca/1999,
  editor    = {Jean{-}Yves Girard},
  title     = {Typed Lambda Calculi and Applications, 4th International Conference,
               TLCA'99, L'Aquila, Italy, April 7-9, 1999, Proceedings},
  series    = {Lecture Notes in Computer Science},
  volume    = {1581},
  publisher = {Springer},
  year      = {1999},
  url       = {https://doi.org/10.1007/3-540-48959-2},
  doi       = {10.1007/3-540-48959-2},
  isbn      = {3-540-65763-0},
  timestamp = {Sat, 30 Dec 2017 13:59:02 +0100},
  biburl    = {https://dblp.org/rec/bib/conf/tlca/1999},
  bibsource = {dblp computer science bibliography, https://dblp.org}
}

@Manual{Coq:manual,
  title =        {The Coq proof assistant reference manual},
  author =       {\mbox{The Coq Development Team}},
  organization = {$\pi r^2$ Team},
  note =         {Version 8.6},
  year =         {2017},
  url =          {http://coq.inria.fr}
}
@unpublished{atkey2015algebraic,
  title  = {An Algebraic Approach to Typechecking and Elaboration},
  author = {Atkey, Robert},
  year   = "2015",
  url    = {http://bentnib.org/posts/2015-04-19-algebraic-approach-typechecking-and-elaboration.html},
  note   = {Talk},
}
@article{Altenkirch2010,
  author    = {Thorsten Altenkirch and
               James Chapman and
               Tarmo Uustalu},
  title     = {Monads need not be endofunctors},
  journal   = {Logical Methods in Computer Science},
  volume    = {11},
  number    = {1},
  year      = {2015},
  url       = {https://doi.org/10.2168/LMCS-11(1:3)2015},
  doi       = {10.2168/LMCS-11(1:3)2015},
  timestamp = {Fri, 02 Nov 2018 09:30:19 +0100},
  biburl    = {https://dblp.org/rec/bib/journals/corr/AltenkirchCU14},
  bibsource = {dblp computer science bibliography, https://dblp.org}
}
@inproceedings{allais2017type,
 author = {Allais, Guillaume and Chapman, James and McBride, Conor and McKinna, James},
 title = {Type-and-scope Safe Programs and Their Proofs},
 booktitle = {Proceedings of the 6th ACM SIGPLAN Conference on Certified Programs and Proofs},
 series = {CPP 2017},
 year = {2017},
 isbn = {978-1-4503-4705-1},
 location = {Paris, France},
 pages = {195--207},
 numpages = {13},
 doi = {10.1145/3018610.3018613},
 acmid = {3018613},
 publisher = {ACM},
 OPTaddress = {New York, NY, USA},
 keywords = {Agda, Generic Programming, Lambda-calculus, Mechanized Meta-Theory, Normalisation by Evaluation, Semantics},
}
@inproceedings{craig2018triangle,
 author = {McLaughlin, Craig and McKinna, James and Stark, Ian},
 title = {Triangulating Context Lemmas},
 booktitle = {Proceedings of the 7th ACM SIGPLAN Conference on Certified Programs and Proofs},
  series = {CPP 2018},
 year = {2018},
 isbn = {978-1-4503-5586-5},
 location = {Los Angeles, CA, USA},
 pages = {102--114},
 numpages = {13},
 url = {http://doi.acm.org/10.1145/3167081},
 doi = {10.1145/3167081},
 acmid = {3167081},
 publisher = {ACM},
 OPTaddress = {New York, NY, USA},
 keywords = {Agda, CIU theorem, Context lemma, Dependent types, Logical relations, Observational equivalence},
}
@techreport{thibodeau2016case,
  title={A case-study in programming coinductive proofs: Howe’s method},
  author={Thibodeau, David and Momigliano, Alberto and Pientka, Brigitte},
  year={2016},
  institution={Technical report, McGill University}
}
@unpublished{mcbride2010ornamental,
  title  = {Ornamental algebras, algebraic ornaments},
  author = {McBride, Conor},
  url    = {https://personal.cis.strath.ac.uk/conor.mcbride/pub/OAAO/Ornament.pdf},
  year   = {2017},
  note   = {Unpublished draft}
}
@inproceedings{hatcliff1994generic,
  title={A generic account of continuation-passing styles},
  author={Hatcliff, John and Danvy, Olivier},
  booktitle={Proceedings of the 21st ACM SIGPLAN-SIGACT symposium on Principles of programming languages},
  pages={458--471},
  year={1994},
  organization={ACM}
}
@inproceedings{abel2013copatterns,
  title={Copatterns: programming infinite structures by observations},
  author={Abel, Andreas and Pientka, Brigitte and Thibodeau, David and Setzer, Anton},
  booktitle={ACM SIGPLAN Notices},
  volume={48},
  number={1},
  pages={27--38},
  year={2013},
  organization={ACM}
}
@article{coquand1991algorithm,
  title={An algorithm for testing conversion in type theory},
  author={Coquand, Thierry},
  journal={Logical Frameworks},
  volume={1},
  pages={255--279},
  year={1991}
}
@article{martin1982constructive,
  title={Constructive mathematics and computer programming},
  author={Martin-L{\"o}f, Per},
  journal={Studies in Logic and the Foundations of Mathematics},
  volume={104},
  pages={153--175},
  year={1982},
  publisher={Elsevier}
}
@inproceedings{atkey2009syntax,
  title={Syntax for free: Representing syntax with binding using parametricity},
  author={Atkey, Robert},
  booktitle={TLCA},
  pages={35--49},
  year={2009},
  organization=springer
}
@article{carette2009finally,
  title={Finally tagless, partially evaluated},
  author={Carette, Jacques and Kiselyov, Oleg and Shan, Chung-chieh},
  journal={JFP},
  year={2009},
  publisher={Citeseer}
}
@article{abel2014normalization,
  title={Normalization by evaluation in the delay monad},
  author={Abel, Andreas and Chapman, James},
  journal={MSFP 2014},
  year={2014}
}
@incollection{hughes1995design,
  title={The design of a pretty-printing library},
  author={Hughes, John},
  booktitle={AFP Summer School},
  pages={53--96},
  year={1995},
  publisher=springer
}
@phdthesis{copello2017,
  title={On the Formalisation of the Metatheory of the Lambda Calculus and Languages with Binders},
  author={Copello, Ernesto},
  year={2017},
  issn={0797 6410},
  school={Universidad de la República (Uruguay)}
}
@phdthesis{chapman2009type,
  title={Type checking and normalisation},
  author={Chapman, James Maitland},
  year={2009},
  school={University of Nottingham (UK)}
}
@article{girard1972interpretation,
  title={Interpr{\'e}tation fonctionelle et {\'e}limination des coupures de l’arithm{\'e}tique d’ordre sup{\'e}rieur},
  author={Girard, Jean-Yves},
  year={1972},
  publisher={PhD thesis, Universit{\'e} Paris VII}
}
@article{wadler1990deforestation,
  title={Deforestation: Transforming programs to eliminate trees},
  author={Wadler, Philip},
  journal={TCS},
  volume={73},
  number={2},
  pages={231--248},
  year={1990},
  publisher={Elsevier}
}
@article{wadler2003prettier,
  title={A prettier printer},
  author={Wadler, Philip},
  journal={The Fun of Programming, Cornerstones of Computing},
  pages={223--243},
  year={2003},
  publisher={Citeseer}
}
@inproceedings{DBLP:conf/icfp/Chlipala08,
  author    = {Adam Chlipala},
  title     = {Parametric higher-order abstract syntax for mechanized semantics},
  booktitle = {Proceeding of the 13th {ACM} {SIGPLAN} international conference on
               Functional programming, {ICFP} 2008, Victoria, BC, Canada, September
               20-28, 2008},
  pages     = {143--156},
  year      = {2008},
  crossref  = {DBLP:conf/icfp/2008},
  url       = {https://doi.org/10.1145/1411204.1411226},
  doi       = {10.1145/1411204.1411226},
  timestamp = {Tue, 06 Nov 2018 16:59:24 +0100},
  biburl    = {https://dblp.org/rec/bib/conf/icfp/Chlipala08},
  bibsource = {dblp computer science bibliography, https://dblp.org}
}
@proceedings{DBLP:conf/icfp/2008,
  editor    = {James Hook and
               Peter Thiemann},
  title     = {Proceeding of the 13th {ACM} {SIGPLAN} international conference on
               Functional programming, {ICFP} 2008, Victoria, BC, Canada, September
               20-28, 2008},
  publisher = {{ACM}},
  year      = {2008},
  isbn      = {978-1-59593-919-7},
  timestamp = {Fri, 23 Jan 2009 12:52:56 +0100},
  biburl    = {https://dblp.org/rec/bib/conf/icfp/2008},
  bibsource = {dblp computer science bibliography, https://dblp.org}
}
@misc{jeffrey2011assoc,
  title={Associativity for free!},
  author={Jeffrey, Alan},
  howpublished={\url{http://thread.gmane.org/gmane.comp.lang.agda/3259}},
  year={2011},
  publisher={Agda Mailing List}
}
@article{goguen1997candidates,
  title={Candidates for substitution},
  author={Goguen, Healfdene and McKinna, James},
  journal={LFCS, Edinburgh Techreport},
  year={1997},
  publisher={UNIVERSITY OF EDINBURGH}
}
@article{gill2014domain,
  title={Domain-specific languages and code synthesis using {H}askell},
  author={Gill, Andy},
  journal={Queue},
  volume={12},
  number={4},
  pages={30},
  year={2014},
  publisher={ACM}
}
@incollection{svenningsson2013combining,
  title={Combining deep and shallow embedding for {EDSL}},
  author={Svenningsson, Josef and Axelsson, Emil},
  booktitle={TFP},
  pages={21--36},
  year={2013},
  publisher=springer
}
@article{hudak1996building,
  title={Building domain-specific embedded languages},
  author={Hudak, Paul},
  journal={ACM Computing Surveys (CSUR)},
  volume={28},
  number={4es},
  pages={196},
  year={1996},
  publisher={ACM}
}
@incollection{berger1993program,
  title={Program extraction from normalization proofs},
  author={Berger, Ulrich},
  booktitle={TLCA},
  pages={91--106},
  year={1993},
  publisher=springer
}
@article{CoqDybSK,
  title={Intuitionistic model constructions and normalization proofs},
  author={Coquand, Thierry and Dybjer, Peter},
  journal={MSCS},
  volume={7},
  number={01},
  pages={75--94},
  year={1997},
  publisher={Cambridge Univ. Press}
}
@article{lindley2014hasochism,
  title={Hasochism},
  author={Lindley, Sam and McBride, Conor},
  journal={SIGPLAN Notices},
  volume={48},
  number={12},
  pages={81--92},
  year={2014},
  publisher={ACM}
}
@article{mcbride2004view,
  title={The view from the left},
  author={McBride, Conor and McKinna, James},
  journal={JFP},
  volume={14},
  number={01},
  pages={69--111},
  year={2004},
  publisher={Cambridge Univ. Press}
}
@book{mitchell1996foundations,
  title={Foundations for programming languages},
  author={Mitchell, John C},
  volume={1},
  year={1996},
  publisher={MIT press}
}
@article{JFR4389,
	author = {Thorsten Altenkirch and James Chapman and Tarmo Uustalu},
	title = {Relative Monads Formalised},
	journal = {Journal of Formalized Reasoning},
	volume = {7},
	number = {1},
	year = {2014},
	keywords = {},
	abstract = {Relative monads are a generalisation of ordinary monads where the underlying functor need not be an endofunctor. In this paper, we describe a formalisation of the basic theory of relative monads in the interactive theorem prover and dependently typed programming language Agda. The formalisation comprises the requisite basic category theory, the central concepts of the theory of relative monads and adjunctions, which are compared to their ordinary counterparts, and two running examples from programming theory. },
	issn = {1972-5787},
	pages = {1--43},
}
@unpublished{gergodraft,
 title="Generic description of well-scoped, well-typed syntaxes",
 author="\'{E}rdi, Gergő",
 year="2018",
 url={https://github.com/gergoerdi/universe-of-syntax},
 note="Unpublished draft, privately communicated."
}
@inproceedings{de1972lambda,
  title={Lambda {C}alculus Notation with Nameless Dummies},
  author={de Bruijn, Nicolaas Govert},
  booktitle={Indagationes Mathematicae},
  volume={75},
  number={5},
  pages={381--392},
  year={1972},
  organization={Elsevier}
}
@inproceedings{altenkirch1995categorical,
  title={Categorical reconstruction of a reduction free normalization proof},
  author={Altenkirch, Thorsten and Hofmann, Martin and Streicher, Thomas},
  booktitle={LNCS},
  pages={182--199},
  year={1995},
  volume={530},
  organization=springer
}
@article{BachPoulsen,
 author = {Bach Poulsen, Casper and Rouvoet, Arjen and Tolmach, Andrew and Krebbers, Robbert and Visser, Eelco},
 title = {Intrinsically-typed Definitional Interpreters for Imperative Languages},
 journal = {Proc. ACM Program. Lang.},
 issue_date = {January 2018},
 volume = {2},
 number = {POPL},
 month = jan,
 year = {2018},
 issn = {2475-1421},
 pages = {16:1--16:34},
 articleno = {16},
 numpages = {34},
 url = {http://doi.acm.org/10.1145/3158104},
 doi = {10.1145/3158104},
 acmid = {3158104},
 publisher = {ACM},
 OPTaddress = {New York, NY, USA},
 keywords = {Agda, Java, definitional interpreters, dependent types, mechanized semantics, scope graphs, type safety},
}
@inproceedings{needleandknot,
 author = {Keuchel, Steven and Weirich, Stephanie and Schrijvers, Tom},
 title = {Needle \& Knot: Binder Boilerplate Tied Up},
 booktitle = {Proceedings of the 25th European Symposium on Programming Languages and Systems - Volume 9632},
 year = {2016},
 isbn = {978-3-662-49497-4},
 pages = {419--445},
 numpages = {27},
 url = {http://dx.doi.org/10.1007/978-3-662-49498-1_17},
 doi = {10.1007/978-3-662-49498-1_17},
 acmid = {2958897},
 publisher = {Springer-Verlag New York, Inc.},
 OPTaddress = {New York, NY, USA},
}
@inproceedings{Kaiser-wsdebr,
 author = {Kaiser, Jonas and Sch\"{a}fer, Steven and Stark, Kathrin},
 title = {Binder Aware Recursion over Well-scoped De Bruijn Syntax},
 booktitle = {Proceedings of the 7th ACM SIGPLAN International Conference on Certified Programs and Proofs},
 series = {CPP 2018},
 year = {2018},
 isbn = {978-1-4503-5586-5},
 location = {Los Angeles, CA, USA},
 pages = {293--306},
 numpages = {14},
 url = {http://doi.acm.org/10.1145/3167098},
 doi = {10.1145/3167098},
 acmid = {3167098},
 publisher = {ACM},
 OPTaddress = {New York, NY, USA},
 keywords = {System F, parallel substitutions, recursion principle, well-scoped de Bruijn representation},
}
@article{bird_paterson_1999,
   title={de {B}ruijn notation as a nested datatype},
   volume={9},
   number={1},
   journal={Journal of Functional Programming},
   publisher={Cambridge University Press},
   author={Bird, Richard S. and Paterson, Ross},
   year={1999},
   pages={77–91}
}
@article{DBLP:journals/jfp/GibbonsO09,
  author    = {Jeremy Gibbons and
               Bruno C. d. S. Oliveira},
  title     = {The essence of the {I}terator pattern},
  journal   = {J. Funct. Program.},
  volume    = {19},
  number    = {3-4},
  pages     = {377--402},
  year      = {2009},
  url       = {https://doi.org/10.1017/S0956796809007291},
  doi       = {10.1017/S0956796809007291},
  timestamp = {Thu, 15 Jun 2017 21:30:55 +0200},
  biburl    = {https://dblp.org/rec/bib/journals/jfp/GibbonsO09},
  bibsource = {dblp computer science bibliography, https://dblp.org}
}
@article{BELLEGARDE1994287,
title = "Substitution: A formal methods case study using monads and transformations",
journal = "Science of Computer Programming",
volume = "23",
number = "2",
pages = "287 - 311",
year = "1994",
note = "",
issn = "0167-6423",
author = "Bellegarde, Françoise and Hook, James",
}
@article{dybjer1994inductive,
  title={Inductive families},
  author={Dybjer, Peter},
  journal={Formal aspects of computing},
  volume={6},
  number={4},
  pages={440--465},
  year={1994},
  publisher=springer
}
@inproceedings{altenkirch1999monadic,
  title={Monadic presentations of lambda terms using generalized inductive types},
  author={Altenkirch, Thorsten and Reus, Bernhard},
  booktitle={CSL},
  pages={453--468},
  year={1999},
  organization=springer
}
@article{dybjer1991inductive,
  title={Inductive sets and families in {M}artin-{ L}{\"o}f’s type theory and their set-theoretic semantics},
  author={Dybjer, Peter},
  journal={Logical Frameworks},
  volume={2},
  pages={6},
  year={1991}
}
@article{eisenberg2013dependently,
  title={Dependently typed programming with singletons},
  author={Eisenberg, Richard A and Weirich, Stephanie},
  journal={SIGPLAN Notices},
  volume={47},
  number={12},
  pages={117--130},
  year={2013},
  publisher={ACM}
}
@incollection{norell2009dependently,
  title={Dependently typed programming in {A}gda},
  author={Norell, Ulf},
  booktitle={AFP Summer School},
  pages={230--266},
  year={2009},
  publisher=springer
}
@inproceedings{DBLP:conf/cade/MouraKADR15,
  author    = {Leonardo Mendon{\c{c}}a de Moura and
               Soonho Kong and
               Jeremy Avigad and
               Floris van Doorn and
               Jakob von Raumer},
  title     = {The Lean Theorem Prover (System Description)},
  booktitle = {Automated Deduction - {CADE-25} - 25th International Conference on
               Automated Deduction, Berlin, Germany, August 1-7, 2015, Proceedings},
  pages     = {378--388},
  year      = {2015},
  crossref  = {DBLP:conf/cade/2015},
  url       = {https://doi.org/10.1007/978-3-319-21401-6_26},
  doi       = {10.1007/978-3-319-21401-6_26},
  timestamp = {Sun, 21 May 2017 00:17:17 +0200},
  biburl    = {https://dblp.org/rec/bib/conf/cade/MouraKADR15},
  bibsource = {dblp computer science bibliography, https://dblp.org}
}
@proceedings{DBLP:conf/cade/2015,
  editor    = {Amy P. Felty and
               Aart Middeldorp},
  title     = {Automated Deduction - {CADE-25} - 25th International Conference on
               Automated Deduction, Berlin, Germany, August 1-7, 2015, Proceedings},
  series    = {Lecture Notes in Computer Science},
  volume    = {9195},
  publisher = springer,
  year      = {2015},
  url       = {https://doi.org/10.1007/978-3-319-21401-6},
  doi       = {10.1007/978-3-319-21401-6},
  isbn      = {978-3-319-21400-9},
  timestamp = {Sun, 21 May 2017 00:17:17 +0200},
  biburl    = {https://dblp.org/rec/bib/conf/cade/2015},
  bibsource = {dblp computer science bibliography, https://dblp.org}
}
@article{brady2013idris,
  title={Idris, a general-purpose dependently typed programming language: Design and implementation},
  author={Brady, Edwin},
  journal={Journal of Functional Programming},
  volume={23},
  number={5},
  pages={552--593},
  year={2013},
  publisher={Cambridge University Press}
}
@unpublished{danvytagless,
  title  ={Tagless and Typeful Normalization by Evaluation using Generalized Algebraic Data Types},
  author = {Danvy, Olivier and Keller, Chantal and Puech, Matthias},
  year   = {2013},
  note   = {Unpublished draft}
}
@article{reynolds1983types,
  title={Types, abstraction and parametric polymorphism},
  author={Reynolds, John C},
  year={1983}
}
@article{bernardy2013type,
  title={Type-theory in color},
  author={Bernardy, Jean-Philippe and Moulin, Guilhem},
  journal={SIGPLAN Notices},
  volume={48},
  number={9},
  pages={61--72},
  year={2013},
  publisher={ACM}
}
@article{wiedijk2012pollack,
  title={Pollack-inconsistency},
  author={Wiedijk, Freek},
  journal={ENTCS},
  volume={285},
  pages={85--100},
  year={2012},
  publisher={Elsevier}
}
@incollection{danvy1999type,
  title={Type-directed partial evaluation},
  author={Danvy, Olivier},
  booktitle={Partial Evaluation},
  pages={367--411},
  year={1999},
  publisher=springer
}
@inproceedings{berger1991inverse,
  title={An inverse of the evaluation functional for typed $\lambda$-calculus},
  author={Berger, Ulrich and Schwichtenberg, Helmut},
  booktitle={LICS},
  pages={203--211},
  year={1991},
  organization={IEEE}
}
@article{coquand2002formalised,
  title={A formalised proof of the soundness and completeness of a simply typed lambda-calculus with explicit substitutions},
  author={Coquand, Catarina},
  journal={Higher-Order and Symbolic Computation},
  volume={15},
  number={1},
  pages={57--90},
  year={2002},
  publisher=springer
}
@article{benton2012strongly,
  title={Strongly typed term representations in {C}oq},
  author={Benton, Nick and Hur, Chung-Kil and Kennedy, Andrew J and McBride, Conor},
  journal={JAR},
  volume={49},
  number={2},
  pages={141--159},
  year={2012},
  publisher=springer
}
@unpublished{mcbride2005type,
  title  = {Type-preserving renaming and substitution},
  author = {McBride, Conor},
  year   = {2005},
  note   = {Unpublished draft},
}
@incollection{garillot2009packaging,
  title={Packaging mathematical structures},
  author={Garillot, Fran{\c{c}}ois and Gonthier, Georges and Mahboubi, Assia and Rideau, Laurence},
  booktitle={TPHOLs},
  pages={327--342},
  year={2009},
  publisher=springer
}
@incollection{danielsson2011parsing,
  title={Parsing mixfix operators},
  author={Danielsson, Nils Anders and Norell, Ulf},
  booktitle={IFL},
  pages={80--99},
  year={2011},
  publisher=springer
}
@article{moggi1991notions,
  title={Notions of computation and monads},
  author={Moggi, Eugenio},
  journal={Information and Computation},
  volume={93},
  number={1},
  pages={55--92},
  year={1991},
  publisher={Elsevier}
}

@misc{repo,
  author = {Guillaume Allais and James Chapman and Conor McBride and James McKinna},
  title = {Type-and-Scope Safe Programs and Their Proofs -- Agda Formalization},
  doi = {10.15129},
  note = {Also from github \url{https://github.com/gallais/type-scope-semantics}}}
@inproceedings{DBLP:conf/gpce/BradyH06,
  author    = {Edwin Brady and
               Kevin Hammond},
  title     = {A verified staged interpreter is a verified compiler},
  booktitle = {Generative Programming and Component Engineering, 5th International
               Conference, {GPCE} 2006, Portland, Oregon, USA, October 22-26, 2006,
               Proceedings},
  pages     = {111--120},
  year      = {2006},
  crossref  = {DBLP:conf/gpce/2006},
  url       = {https://doi.org/10.1145/1173706.1173724},
  doi       = {10.1145/1173706.1173724},
  timestamp = {Tue, 06 Nov 2018 16:57:54 +0100},
  biburl    = {https://dblp.org/rec/bib/conf/gpce/BradyH06},
  bibsource = {dblp computer science bibliography, https://dblp.org}
}
@proceedings{DBLP:conf/gpce/2006,
  editor    = {Stan Jarzabek and
               Douglas C. Schmidt and
               Todd L. Veldhuizen},
  title     = {Generative Programming and Component Engineering, 5th International
               Conference, {GPCE} 2006, Portland, Oregon, USA, October 22-26, 2006,
               Proceedings},
  publisher = {{ACM}},
  year      = {2006},
  isbn      = {1-59593-237-2},
  timestamp = {Wed, 06 Dec 2006 10:15:27 +0100},
  biburl    = {https://dblp.org/rec/bib/conf/gpce/2006},
  bibsource = {dblp computer science bibliography, https://dblp.org}
}
@inproceedings{DBLP:conf/types/FlorSS15,
  author    = {Jo{\~{a}}o Paulo Pizani Flor and
               Wouter Swierstra and
               Yorick Sijsling},
  title     = {Pi-Ware: Hardware Description and Verification in Agda},
  booktitle = {21st International Conference on Types for Proofs and Programs, {TYPES}
               2015, May 18-21, 2015, Tallinn, Estonia},
  pages     = {9:1--9:27},
  year      = {2015},
  crossref  = {DBLP:conf/types/2015},
  url       = {https://doi.org/10.4230/LIPIcs.TYPES.2015.9},
  doi       = {10.4230/LIPIcs.TYPES.2015.9},
  timestamp = {Thu, 02 May 2019 17:40:18 +0200},
  biburl    = {https://dblp.org/rec/bib/conf/types/FlorSS15},
  bibsource = {dblp computer science bibliography, https://dblp.org}
}
@proceedings{DBLP:conf/types/2015,
  editor    = {Tarmo Uustalu},
  title     = {21st International Conference on Types for Proofs and Programs, {TYPES}
               2015, May 18-21, 2015, Tallinn, Estonia},
  series    = {LIPIcs},
  volume    = {69},
  publisher = {Schloss Dagstuhl - Leibniz-Zentrum fuer Informatik},
  year      = {2018},
  url       = {http://www.dagstuhl.de/dagpub/978-3-95977-030-9},
  isbn      = {978-3-95977-030-9},
  timestamp = {Thu, 02 May 2019 17:40:18 +0200},
  biburl    = {https://dblp.org/rec/bib/conf/types/2015},
  bibsource = {dblp computer science bibliography, https://dblp.org}
}
@book{plfa2018,
  author    = {Philip Wadler and Wen Kokke},
  title     = {Programming Language Foundations in {A}gda},
  year      = {2018},
  month     = oct,
  note      = {Available at \url{http://plfa.inf.ed.ac.uk}},
}
@article{DBLP:journals/jar/HirschowitzM12,
  author    = {Andr{\'{e}} Hirschowitz and
               Marco Maggesi},
  title     = {Nested Abstract Syntax in Coq},
  journal   = {J. Autom. Reasoning},
  volume    = {49},
  number    = {3},
  pages     = {409--426},
  year      = {2012},
  url       = {https://doi.org/10.1007/s10817-010-9207-9},
  doi       = {10.1007/s10817-010-9207-9},
  timestamp = {Sat, 20 May 2017 00:22:33 +0200},
  biburl    = {https://dblp.org/rec/bib/journals/jar/HirschowitzM12},
  bibsource = {dblp computer science bibliography, https://dblp.org}
}
@unpublished{eisenbergsticth18,
  author = {Richard A. Eisenberg},
  title  = {Stitch: The Sound Type-Indexed Type Checker},
  year   = 2018,
  note   = {Draft},
}
@phdthesis{DBLP:phd/ethos/Dagand13,
  author    = {Pierre{-}{\'{E}}variste Dagand},
  title     = {A cosmology of datatypes : reusability and dependent types},
  school    = {University of Strathclyde, Glasgow, {UK}},
  year      = {2013},
  url       = {http://oleg.lib.strath.ac.uk/R/?func=dbin-jump-full\&object\_id=22713},
  timestamp = {Mon, 18 Jun 2018 17:33:10 +0200},
  biburl    = {https://dblp.org/rec/bib/phd/ethos/Dagand13},
  bibsource = {dblp computer science bibliography, https://dblp.org}
}
@article{DBLP:journals/fuin/AbbottAMG05,
  author    = {Michael Gordon Abbott and
               Thorsten Altenkirch and
               Conor McBride and
               Neil Ghani},
  title     = {δ for Data: Differentiating Data Structures},
  journal   = {Fundam. Inform.},
  volume    = {65},
  number    = {1-2},
  pages     = {1--28},
  year      = {2005},
  url       = {http://content.iospress.com/articles/fundamenta-informaticae/fi65-1-2-02},
  timestamp = {Fri, 16 Sep 2016 16:25:59 +0200},
  biburl    = {https://dblp.org/rec/bib/journals/fuin/AbbottAMG05},
  bibsource = {dblp computer science bibliography, https://dblp.org}
}
@MastersThesis{Jander:Thesis:2019,
  author  = {Piotr Jander},
  title   = {Verifying Type-and-Scope Safe Program Transformations},
  school  = {University of Edinburgh},
  year    = {2019},
}
@article{DBLP:journals/jfp/AppelJ97,
  author    = {Andrew W. Appel and
               Trevor Jim},
  title     = {Shrinking lambda Expressions in Linear Time},
  journal   = {J. Funct. Program.},
  volume    = {7},
  number    = {5},
  pages     = {515--540},
  year      = {1997},
  url       = {http://journals.cambridge.org/action/displayAbstract?aid=44115},
  timestamp = {Fri, 10 Jun 2011 14:42:10 +0200},
  biburl    = {https://dblp.org/rec/bib/journals/jfp/AppelJ97},
  bibsource = {dblp computer science bibliography, https://dblp.org}
}
@inproceedings{DBLP:conf/lics/Atkey18,
  author    = {Robert Atkey},
  title     = {Syntax and Semantics of Quantitative Type Theory},
  booktitle = {Proceedings of the 33rd Annual {ACM/IEEE} Symposium on Logic in Computer
               Science, {LICS} 2018, Oxford, UK, July 09-12, 2018},
  pages     = {56--65},
  year      = {2018},
  crossref  = {DBLP:conf/lics/2018},
  url       = {https://doi.org/10.1145/3209108.3209189},
  doi       = {10.1145/3209108.3209189},
  timestamp = {Wed, 21 Nov 2018 12:44:18 +0100},
  biburl    = {https://dblp.org/rec/bib/conf/lics/Atkey18},
  bibsource = {dblp computer science bibliography, https://dblp.org}
}
@proceedings{DBLP:conf/lics/2018,
  editor    = {Anuj Dawar and
               Erich Gr{\"{a}}del},
  title     = {Proceedings of the 33rd Annual {ACM/IEEE} Symposium on Logic in Computer
               Science, {LICS} 2018, Oxford, UK, July 09-12, 2018},
  publisher = {{ACM}},
  year      = {2018},
  url       = {https://doi.org/10.1145/3209108},
  doi       = {10.1145/3209108},
  timestamp = {Wed, 21 Nov 2018 12:44:18 +0100},
  biburl    = {https://dblp.org/rec/bib/conf/lics/2018},
  bibsource = {dblp computer science bibliography, https://dblp.org}
}
@InProceedings{context-constrained,
  title = {Context Constrained Computation},
  author = {Robert Atkey and James Wood},
  year = {2018},
  booktitle = {3rd Workshop on Type-Driven Development (TyDe '18), Extended Abstract}
}
@article{DBLP:journals/tcs/Wadler90,
  author    = {Philip Wadler},
  title     = {Deforestation: Transforming Programs to Eliminate Trees},
  journal   = {Theor. Comput. Sci.},
  volume    = {73},
  number    = {2},
  pages     = {231--248},
  year      = {1990},
  url       = {https://doi.org/10.1016/0304-3975(90)90147-A},
  doi       = {10.1016/0304-3975(90)90147-A},
  timestamp = {Sun, 28 May 2017 13:20:05 +0200},
  biburl    = {https://dblp.org/rec/bib/journals/tcs/Wadler90},
  bibsource = {dblp computer science bibliography, https://dblp.org}
}
@inproceedings{DBLP:conf/icfp/CortinasS18,
  author    = {Carlos Tom{\'{e}} Corti{\~{n}}as and
               Wouter Swierstra},
  title     = {From algebra to abstract machine: a verified generic construction},
  booktitle = {Proceedings of the 3rd {ACM} {SIGPLAN} International Workshop on Type-Driven
               Development, TyDe@ICFP 2018, St. Louis, MO, USA, September 27, 2018},
  pages     = {78--90},
  year      = {2018},
  crossref  = {DBLP:conf/icfp/2018tyde},
  url       = {https://doi.org/10.1145/3240719.3241787},
  doi       = {10.1145/3240719.3241787},
  timestamp = {Tue, 11 Dec 2018 18:44:06 +0100},
  biburl    = {https://dblp.org/rec/bib/conf/icfp/CortinasS18},
  bibsource = {dblp computer science bibliography, https://dblp.org}
}
@proceedings{DBLP:conf/icfp/2018tyde,
  editor    = {Richard A. Eisenberg and
               Niki Vazou},
  title     = {Proceedings of the 3rd {ACM} {SIGPLAN} International Workshop on Type-Driven
               Development, TyDe@ICFP 2018, St. Louis, MO, USA, September 27, 2018},
  publisher = {{ACM}},
  year      = {2018},
  url       = {https://doi.org/10.1145/3240719},
  doi       = {10.1145/3240719},
  timestamp = {Tue, 11 Dec 2018 18:43:36 +0100},
  biburl    = {https://dblp.org/rec/bib/conf/icfp/2018tyde},
  bibsource = {dblp computer science bibliography, https://dblp.org}
}
@article{DBLP:journals/scp/Malcolm90,
  author    = {Grant Malcolm},
  title     = {Data Structures and Program Transformation},
  journal   = {Sci. Comput. Program.},
  volume    = {14},
  number    = {2-3},
  pages     = {255--279},
  year      = {1990},
  url       = {https://doi.org/10.1016/0167-6423(90)90023-7},
  doi       = {10.1016/0167-6423(90)90023-7},
  timestamp = {Sat, 27 May 2017 14:22:55 +0200},
  biburl    = {https://dblp.org/rec/bib/journals/scp/Malcolm90},
  bibsource = {dblp computer science bibliography, https://dblp.org}
}
@inproceedings{DBLP:conf/haskell/MagalhaesDJL10,
  author    = {Jos{\'{e}} Pedro Magalh{\~{a}}es and
               Atze Dijkstra and
               Johan Jeuring and
               Andres L{\"{o}}h},
  title     = {A generic deriving mechanism for Haskell},
  booktitle = {Proceedings of the 3rd {ACM} {SIGPLAN} Symposium on Haskell, Haskell
               2010, Baltimore, MD, USA, 30 September 2010},
  pages     = {37--48},
  year      = {2010},
  crossref  = {DBLP:conf/haskell/2010},
  url       = {https://doi.org/10.1145/1863523.1863529},
  doi       = {10.1145/1863523.1863529},
  timestamp = {Tue, 06 Nov 2018 16:58:22 +0100},
  biburl    = {https://dblp.org/rec/bib/conf/haskell/MagalhaesDJL10},
  bibsource = {dblp computer science bibliography, https://dblp.org}
}
@proceedings{DBLP:conf/haskell/2010,
  editor    = {Jeremy Gibbons},
  title     = {Proceedings of the 3rd {ACM} {SIGPLAN} Symposium on Haskell, Haskell
               2010, Baltimore, MD, USA, 30 September 2010},
  publisher = {{ACM}},
  year      = {2010},
  isbn      = {978-1-4503-0252-4},
  timestamp = {Fri, 13 Jan 2012 14:18:31 +0100},
  biburl    = {https://dblp.org/rec/bib/conf/haskell/2010},
  bibsource = {dblp computer science bibliography, https://dblp.org}
}
@inproceedings{DBLP:conf/ifip2-1/AltenkirchM02,
  author    = {Thorsten Altenkirch and
               Conor McBride},
  title     = {Generic Programming within Dependently Typed Programming},
  booktitle = {Generic Programming, {IFIP} {TC2/WG2.1} Working Conference on Generic
               Programming, July 11-12, 2002, Dagstuhl, Germany},
  pages     = {1--20},
  year      = {2002},
  crossref  = {DBLP:conf/ifip2-1/2002},
  timestamp = {Wed, 26 Feb 2003 14:25:56 +0100},
  biburl    = {https://dblp.org/rec/bib/conf/ifip2-1/AltenkirchM02},
  bibsource = {dblp computer science bibliography, https://dblp.org}
}
@proceedings{DBLP:conf/ifip2-1/2002,
  editor    = {Jeremy Gibbons and
               Johan Jeuring},
  title     = {Generic Programming, {IFIP} {TC2/WG2.1} Working Conference on Generic
               Programming, July 11-12, 2002, Dagstuhl, Germany},
  series    = {{IFIP} Conference Proceedings},
  volume    = {243},
  publisher = {Kluwer},
  year      = {2003},
  isbn      = {1-4020-7374-7},
  timestamp = {Wed, 26 Feb 2003 14:25:56 +0100},
  biburl    = {https://dblp.org/rec/bib/conf/ifip2-1/2002},
  bibsource = {dblp computer science bibliography, https://dblp.org}
}
@article{DBLP:journals/entcs/HinzeJ00,
  author    = {Ralf Hinze and
               Simon L. {Peyton Jones}},
  title     = {Derivable Type Classes},
  journal   = {Electr. Notes Theor. Comput. Sci.},
  volume    = {41},
  number    = {1},
  pages     = {5--35},
  year      = {2000},
  url       = {https://doi.org/10.1016/S1571-0661(05)80542-0},
  doi       = {10.1016/S1571-0661(05)80542-0},
  timestamp = {Sun, 28 May 2017 13:22:55 +0200},
  biburl    = {https://dblp.org/rec/bib/journals/entcs/HinzeJ00},
  bibsource = {dblp computer science bibliography, https://dblp.org}
}
@inproceedings{DBLP:conf/icfp/LohM11,
  author    = {Andres L{\"{o}}h and
               Jos{\'{e}} Pedro Magalh{\~{a}}es},
  title     = {Generic programming with indexed functors},
  booktitle = {Proceedings of the seventh {ACM} {SIGPLAN} workshop on Generic programming,
               WGP@ICFP 2011, Tokyo, Japan, September 19-21, 2011},
  pages     = {1--12},
  year      = {2011},
  crossref  = {DBLP:conf/icfp/2011wgp},
  url       = {https://doi.org/10.1145/2036918.2036920},
  doi       = {10.1145/2036918.2036920},
  timestamp = {Tue, 06 Nov 2018 16:59:25 +0100},
  biburl    = {https://dblp.org/rec/bib/conf/icfp/LohM11},
  bibsource = {dblp computer science bibliography, https://dblp.org}
}
@proceedings{DBLP:conf/icfp/2011wgp,
  editor    = {Jaakko J{\"{a}}rvi and
               Shin{-}Cheng Mu},
  title     = {Proceedings of the seventh {ACM} {SIGPLAN} workshop on Generic programming,
               WGP@ICFP 2011, Tokyo, Japan, September 19-21, 2011},
  publisher = {{ACM}},
  year      = {2011},
  url       = {https://doi.org/10.1145/2036918},
  doi       = {10.1145/2036918},
  isbn      = {978-1-4503-0861-8},
  timestamp = {Tue, 06 Nov 2018 16:59:25 +0100},
  biburl    = {https://dblp.org/rec/bib/conf/icfp/2011wgp},
  bibsource = {dblp computer science bibliography, https://dblp.org}
}
@inproceedings{DBLP:conf/icfp/WeirichYS11,
  author    = {Stephanie Weirich and
               Brent A. Yorgey and
               Tim Sheard},
  title     = {Binders unbound},
  booktitle = {Proceeding of the 16th {ACM} {SIGPLAN} international conference on
               Functional Programming, {ICFP} 2011, Tokyo, Japan, September 19-21,
               2011},
  pages     = {333--345},
  year      = {2011},
  crossref  = {DBLP:conf/icfp/2011},
  url       = {https://doi.org/10.1145/2034773.2034818},
  doi       = {10.1145/2034773.2034818},
  timestamp = {Tue, 06 Nov 2018 16:59:25 +0100},
  biburl    = {https://dblp.org/rec/bib/conf/icfp/WeirichYS11},
  bibsource = {dblp computer science bibliography, https://dblp.org}
}
@proceedings{DBLP:conf/icfp/2011,
  editor    = {Manuel M. T. Chakravarty and
               Zhenjiang Hu and
               Olivier Danvy},
  title     = {Proceeding of the 16th {ACM} {SIGPLAN} international conference on
               Functional Programming, {ICFP} 2011, Tokyo, Japan, September 19-21,
               2011},
  publisher = {{ACM}},
  year      = {2011},
  isbn      = {978-1-4503-0865-6},
  timestamp = {Thu, 22 Sep 2011 12:22:33 +0200},
  biburl    = {https://dblp.org/rec/bib/conf/icfp/2011},
  bibsource = {dblp computer science bibliography, https://dblp.org}
}
@inproceedings{DBLP:conf/icfp/KeuchelJ12,
  author    = {Steven Keuchel and
               Johan Jeuring},
  title     = {Generic conversions of abstract syntax representations},
  booktitle = {Proceedings of the 8th {ACM} {SIGPLAN} workshop on Generic programming,
               WGP@ICFP 2012, Copenhagen, Denmark, September 9-15, 2012},
  pages     = {57--68},
  year      = {2012},
  crossref  = {DBLP:conf/icfp/2012wgp},
  url       = {https://doi.org/10.1145/2364394.2364403},
  doi       = {10.1145/2364394.2364403},
  timestamp = {Tue, 06 Nov 2018 16:59:25 +0100},
  biburl    = {https://dblp.org/rec/bib/conf/icfp/KeuchelJ12},
  bibsource = {dblp computer science bibliography, https://dblp.org}
}
@proceedings{DBLP:conf/icfp/2012wgp,
  editor    = {Andres L{\"{o}}h and
               Ronald Garcia},
  title     = {Proceedings of the 8th {ACM} {SIGPLAN} workshop on Generic programming,
               WGP@ICFP 2012, Copenhagen, Denmark, September 9-15, 2012},
  publisher = {{ACM}},
  year      = {2012},
  url       = {https://doi.org/10.1145/2364394},
  doi       = {10.1145/2364394},
  isbn      = {978-1-4503-1576-0},
  timestamp = {Tue, 06 Nov 2018 16:59:25 +0100},
  biburl    = {https://dblp.org/rec/bib/conf/icfp/2012wgp},
  bibsource = {dblp computer science bibliography, https://dblp.org}
}
@MastersThesis{Keuchel:Thesis:2011,
  author  = {Steven Keuchel},
  title   = {Generic Programming With Binders and Scope},
  school  = {Utrecht University},
  year    = {2011},
}
@article{DBLP:journals/jfp/McBrideM04,
  author    = {Conor McBride and
               James McKinna},
  title     = {The view from the left},
  journal   = {J. Funct. Program.},
  volume    = {14},
  number    = {1},
  pages     = {69--111},
  year      = {2004},
  url       = {https://doi.org/10.1017/S0956796803004829},
  doi       = {10.1017/S0956796803004829},
  timestamp = {Wed, 14 Nov 2018 10:38:39 +0100},
  biburl    = {https://dblp.org/rec/bib/journals/jfp/McBrideM04},
  bibsource = {dblp computer science bibliography, https://dblp.org}
}
@inproceedings{DBLP:conf/lics/HofmannS94,
  author    = {Martin Hofmann and
               Thomas Streicher},
  title     = {The Groupoid Model Refutes Uniqueness of Identity Proofs},
  booktitle = {Proceedings of the Ninth Annual Symposium on Logic in Computer Science
               {(LICS} '94), Paris, France, July 4-7, 1994},
  pages     = {208--212},
  year      = {1994},
  crossref  = {DBLP:conf/lics/1994},
  url       = {https://doi.org/10.1109/LICS.1994.316071},
  doi       = {10.1109/LICS.1994.316071},
  timestamp = {Wed, 13 Feb 2019 11:42:19 +0100},
  biburl    = {https://dblp.org/rec/bib/conf/lics/HofmannS94},
  bibsource = {dblp computer science bibliography, https://dblp.org}
}
@proceedings{DBLP:conf/lics/1994,
  title     = {Proceedings of the Ninth Annual Symposium on Logic in Computer Science
               {(LICS} '94), Paris, France, July 4-7, 1994},
  publisher = {{IEEE} Computer Society},
  year      = {1994},
  url       = {http://ieeexplore.ieee.org/xpl/mostRecentIssue.jsp?punumber=990},
  isbn      = {0-8186-6310-3},
  timestamp = {Wed, 13 Feb 2019 11:42:19 +0100},
  biburl    = {https://dblp.org/rec/bib/conf/lics/1994},
  bibsource = {dblp computer science bibliography, https://dblp.org}
}
@article{DBLP:journals/jfp/Hedberg98,
  author    = {Michael Hedberg},
  title     = {A Coherence Theorem for {M}artin-{L}{\"{o}}f's Type Theory},
  journal   = {J. Funct. Program.},
  volume    = {8},
  number    = {4},
  pages     = {413--436},
  year      = {1998},
  url       = {http://journals.cambridge.org/action/displayAbstract?aid=44199},
  timestamp = {Fri, 10 Jun 2011 14:42:11 +0200},
  biburl    = {https://dblp.org/rec/bib/journals/jfp/Hedberg98},
  bibsource = {dblp computer science bibliography, https://dblp.org}
}

@inproceedings{DBLP:conf/tlca/BentonBPH93,
  author    = {P. N. Benton and
               Gavin M. Bierman and
               Valeria de Paiva and
               Martin Hyland},
  editor    = {Marc Bezem and
               Jan Friso Groote},
  title     = {A Term Calculus for Intuitionistic Linear Logic},
  booktitle = {Typed Lambda Calculi and Applications, International Conference on
               Typed Lambda Calculi and Applications, {TLCA} '93, Utrecht, The Netherlands,
               March 16-18, 1993, Proceedings},
  series    = {Lecture Notes in Computer Science},
  volume    = {664},
  pages     = {75--90},
  publisher = {Springer},
  year      = {1993},
  url       = {https://doi.org/10.1007/BFb0037099},
  doi       = {10.1007/BFb0037099},
  timestamp = {Tue, 14 May 2019 10:00:41 +0200},
  biburl    = {https://dblp.org/rec/bib/conf/tlca/BentonBPH93},
  bibsource = {dblp computer science bibliography, https://dblp.org}
}

@inproceedings{BrunelGMZ14,
  author    = {Alo{\"{\i}}s Brunel and
               Marco Gaboardi and
               Damiano Mazza and
               Steve Zdancewic},
  title     = {{A Core Quantitative Coeffect Calculus}},
  booktitle = {Programming Languages and Systems - 23rd European Symposium on Programming,
               {ESOP} 2014},
  pages     = {351--370},
  year      = 2014,
  url       = {http://dx.doi.org/10.1007/978-3-642-54833-8_19},
  doi       = {10.1007/978-3-642-54833-8_19},
  timestamp = {Sun, 23 Mar 2014 10:48:25 +0100},
  biburl    = {http://dblp.uni-trier.de/rec/bib/conf/esop/BrunelGMZ14},
  bibsource = {dblp computer science bibliography, http://dblp.org}
}

@inproceedings{GhicaS14,
  author    = {Dan R. Ghica and
               Alex I. Smith},
  title     = {Bounded Linear Types in a Resource Semiring},
  booktitle = {Programming Languages and Systems - 23rd European Symposium on Programming,
               {ESOP} 2014},
  pages     = {331--350},
  year      = {2014},
  url       = {http://dx.doi.org/10.1007/978-3-642-54833-8_18},
  doi       = {10.1007/978-3-642-54833-8_18},
  timestamp = {Sun, 23 Mar 2014 10:48:25 +0100},
  biburl    = {http://dblp.uni-trier.de/rec/bib/conf/esop/GhicaS14},
  bibsource = {dblp computer science bibliography, http://dblp.org}
}

@techreport{ barber96dual,
  author = "Andrew Barber",
  title = "Dual Intuitionistic Linear Logic",
  institution = "LFCS, University of Edinburgh",
  number = "ECS-LFCS-96-347",
  year = "1996" }



@article{DBLP:journals/jfp/OHearn03,
  author    = {Peter W. O'Hearn},
  title     = {On bunched typing},
  journal   = {J. Funct. Program.},
  volume    = {13},
  number    = {4},
  pages     = {747--796},
  year      = {2003},
  url       = {https://doi.org/10.1017/S0956796802004495},
  doi       = {10.1017/S0956796802004495},
  timestamp = {Wed, 14 Nov 2018 10:38:38 +0100},
  biburl    = {https://dblp.org/rec/bib/journals/jfp/OHearn03},
  bibsource = {dblp computer science bibliography, https://dblp.org}
}



@inproceedings{DBLP:conf/rta/LicataSR17,
  author    = {Daniel R. Licata and
               Michael Shulman and
               Mitchell Riley},
  editor    = {Dale Miller},
  title     = {A Fibrational Framework for Substructural and Modal Logics},
  booktitle = {2nd International Conference on Formal Structures for Computation
               and Deduction, {FSCD} 2017, September 3-9, 2017, Oxford, {UK}},
  series    = {LIPIcs},
  volume    = {84},
  pages     = {25:1--25:22},
  publisher = {Schloss Dagstuhl - Leibniz-Zentrum fuer Informatik},
  year      = {2017},
  url       = {https://doi.org/10.4230/LIPIcs.FSCD.2017.25},
  doi       = {10.4230/LIPIcs.FSCD.2017.25},
  timestamp = {Thu, 02 May 2019 17:40:18 +0200},
  biburl    = {https://dblp.org/rec/bib/conf/rta/LicataSR17},
  bibsource = {dblp computer science bibliography, https://dblp.org}
}



@inproceedings{PetricekOM14,
  author    = {Tomas Petricek and
               Dominic A. Orchard and
               Alan Mycroft},
  editor    = {Johan Jeuring and
               Manuel M. T. Chakravarty},
  title     = {Coeffects: a calculus of context-dependent computation},
  booktitle = {Proceedings of the 19th {ACM} {SIGPLAN} international conference on
               Functional programming, Gothenburg, Sweden, September 1-3, 2014},
  pages     = {123--135},
  publisher = {{ACM}},
  year      = {2014},
  url       = {https://doi.org/10.1145/2628136.2628160},
  doi       = {10.1145/2628136.2628160},
  timestamp = {Tue, 06 Nov 2018 16:59:24 +0100},
  biburl    = {https://dblp.org/rec/bib/conf/icfp/PetricekOM14},
  bibsource = {dblp computer science bibliography, https://dblp.org}
}
