@string{acm = {ACM}}
@string{acmLONG = {ACM Press}}

@string{mit = {MIT}}
@string{mitLONG = {MIT Press}}

@string{nh = {North-Holland}}
@string{nhseries = {Studies in Logic and the Foundations of Mathematics}}

@string{cup = {CUP}}
@string{cupLONG = {Cambridge University Press}}

@string{sv = {Springer}}
@string{svLONG = {Springer-Verlag}}

@string{lncs = {LNCS}}
@string{lncsLONG = {Lecture Notes in Computer Science}}

@string{amai = "Ann.\ Math.\ Art.\ Int."}
@string{amaiLONG = "Annals of Mathematics and Artificial Intelligence"}

@string{cmcs = {CMCS}}
@string{cmcsLONG = {Coalgebraic Methods in Computer Science}}

@string{eatcs = {EATCS}}
@string{eatcsLONG = {European Association for Theoretical Computer Science}}

@string{entcs = {ENTCS}}
@string{entcsLONG = {Electronic Notes in Theoretical Computer Science}}

@string{etaps = {ETAPS}}
@string{etapsLONG = etaps}

@string{fac = {FAC}}
@string{facLONG = {Formal Aspects of Computing}}

@string{facs = {FACS}}
@string{facsLONG = {Formal Aspects of Computing}}

@string{fase = {FASE}}
@string{faseLONG = {Fundamental Approaches to Software Engineering}}

@string{fossacs = {FOSSACS}}
@string{fossacsLONG = "Foundations of Software Science and Computation Structures"}

@string{iandc = {Inf.\&Comp.}}
@string{iandcLONG = {Information and Computation}}

@string{icfp = {ICFP}}
@string{icfpLONG = "International Conference on Functional Programming"}

@string{jfp = {JFP}}
@string{jfpLONG = {J. Funct. Programming}}

@string{jot = "JOT"}
@string{jotLONG = "Journal of Object Technology"}

@string{jucs = "JUCS"}
@string{jucsLONG = "Journal of Universal Computer Science"}

@string{lics = {LICS}}
@string{licsLONG = "Logic in Computer Science"}

@string{pepm = "PEPM"}
@string{pepmLONG = "Partial Evaluation and Program Manipulation"}

@string{pepm = {PEPM}}
@string{pepmLONG = "Partial Evaluation and Program Manipulation"}

@string{popl = {POPL}}
@string{poplLONG = "Principles of Programming Languages"}

@string{tcs  = {TCS}}
@string{tcsLONG  = "Theoretical Computer Science"}

@string{toplas = {TOPLAS}}
@string{toplasLONG = "Transactions on Programming Languages and Systems"}

@string{lmcs = {LMCS}}
@string{lmcsLONG = "Logical Methods in Computer Science"}

@string{tods = {TODS}}
@string{todsLONG = {Transactions on Database Systems}}
